3220 5102
358 409 422 496 498
735 419 893 476 NOVUM
913 420 1130 492 ORGANUM.

359 606 463 668 genus
486 583 715 649 instantiarum
736 583 846 667 potius
864 583 949 669 sugit
970 582 1234 652 observationem
1249 603 1350 666 quam
1366 597 1495 646 sensum.

360 689 446 754 Mira
468 689 556 753 enim
577 698 628 752 est
649 687 823 752 hominum
847 687 932 754 circa
954 689 1041 755 hanc
1068 711 1138 754 rem
1161 689 1376 771 indiligentia
1422 685 1497 752 Con·

359 791 562 875 templantur
583 792 746 874 siquidem
771 801 922 856 naturam
944 792 1178 858 tantummodo
1196 789 1375 857 desultorie
1398 797 1430 852 et
1450 809 1498 870 per

359 894 520 976 periodos,
537 903 570 958 et
585 902 763 977 postquam
779 914 916 978 corpora
931 895 1051 960 luerint
1065 895 1217 960 absoluta
1231 914 1270 959 ac
1286 891 1457 974 completa,
1472 897 1499 952 et

359 998 475 1060 nonin
491 998 682 1080 operatione
697 1019 756 1061 sua
768 995 805 1062 ⁷⁴.
850 998 950 1080 Quod
969 999 996 1062 si
1016 998 1149 1063 artificis
1169 996 1307 1079 alicujus
1326 994 1455 1077 ingenia
1472 1003 1499 1054 et

358 1100 553 1164 industriam
569 1101 743 1184 explorare
766 1109 799 1164 et
820 1101 1036 1184 contemplari
1052 1102 1125 1184 quis
1140 1109 1284 1184 cuperet,
1300 1101 1327 1162 is
1351 1117 1418 1161 non
1439 1105 1500 1159 tan·

360 1213 432 1267 tum
445 1205 599 1268 materias
612 1208 708 1269 rudes
720 1205 799 1268 artis
810 1214 912 1287 atque
923 1207 1044 1272 deinde
1055 1226 1156 1288 opera
1168 1205 1312 1288 perlecta
1324 1202 1500 1282 conspicere

359 1307 570 1384 desideraret,
587 1310 645 1374 sed
666 1309 777 1391 potius
797 1328 952 1391 praesens
974 1329 1045 1373 esse
1066 1329 1141 1373 cum
1160 1308 1282 1374 artifex
1301 1313 1455 1390 operatur
1473 1313 1499 1366 et

360 1430 443 1493 opus
464 1433 558 1475 suum
576 1422 760 1494 promovet.
805 1411 921 1494 Atque
945 1413 1051 1478 simile
1073 1413 1233 1495 quiddam
1256 1413 1341 1476 circa
1361 1419 1501 1474 naturam

359 1513 548 1579 iaciendum
562 1525 622 1580 est.
670 1515 828 1598 Exempli
844 1517 970 1599 gratia3
993 1517 1021 1580 si
1036 1517 1109 1599 quis
1130 1517 1173 1581 de
1187 1516 1401 1599 vegetatione
1421 1512 1502 1596 plan-

358 1618 674 1701 tarum⁷⁵inqu1rat,
694 1619 723 1682 ei
748 1618 987 1701 inspiciendum
1004 1630 1054 1685 est
1076 1620 1120 1684 ab
1143 1621 1214 1702 ipsa
1235 1619 1366 1683 satione
1381 1615 1503 1680 seminis

359 1721 496 1804 alicujus
513 1719 559 1810 (id
575 1724 664 1805 quod
679 1745 739 1806 per
754 1725 1004 1801 extractionem,
1017 1724 1109 1807 quasi
1126 1723 1261 1807 singulis
1276 1724 1405 1796 diebus,
1417 1719 1502 1784 semi-

327 1905 330 1912 Ι
360 1844 438 1887 num
455 1847 539 1908 quae
555 1846 615 1908 per
628 1826 774 1905 biduum,
784 1826 942 1902 triduum,
953 1828 1174 1909 quatriduum,
1190 1837 1224 1892 et
1238 1827 1284 1891 sic
1299 1827 1464 1908 deinceps
1476 1824 1502 1886 in

360 1936 446 1991 terra
478 1940 677 2008 manserunt,
705 1951 885 2014 eorumque
911 1930 1104 2014 diligentem
1131 1931 1295 2010 intuitum,
1318 1929 1419 1994 facile
1444 1927 1502 1991 heri

360 2029 494 2117 potest),
510 2035 678 2114 quomodo
699 2042 733 2097 et
748 2034 882 2116 quando
898 2055 1011 2099 semen
1030 2037 1246 2100 intumescere
1261 2043 1295 2098 et
1310 2043 1445 2115 turgere
1464 2033 1503 2093 in·

359 2136 461 2217 cipiat
484 2145 517 2200 et
538 2136 639 2200 veluti
663 2137 777 2220 spiritu
803 2137 952 2220 impleri;
983 2138 1105 2202 deinde
1125 2137 1293 2220 quomodo
1317 2134 1502 2201 corticulam

359 2259 511 2320 rumpere
534 2249 567 2304 et
591 2241 742 2305 emittere
764 2240 872 2319 fibras,
888 2261 962 2304 cum
982 2241 1106 2306 latione
1128 2241 1286 2306 nonnulla
1306 2241 1357 2304 sui
1383 2239 1502 2303 interim

359 2361 497 2420 sursum,
510 2343 572 2406 nisi
587 2352 674 2407 terra
689 2343 785 2408 luerit
800 2344 982 2408 admodum
999 2355 1180 2410 contumax
1193 2368 1201 2426 ;
1225 2345 1399 2428 quomodo
1415 2343 1502 2406 etiam

359 2447 492 2510 emittat
515 2446 623 2525 fibras,
641 2448 763 2530 partim
794 2447 952 2512 radicales
976 2449 1137 2522 deorsum,
1155 2450 1277 2531 partim
1300 2446 1502 2512 cauliculares

360 2569 497 2629 sursum,
513 2550 690 2633 aliquando
709 2552 870 2634 serpendo
889 2572 948 2633 per
970 2551 1082 2630 latera,
1098 2553 1124 2614 si
1143 2573 1241 2616 exea
1257 2561 1353 2635 parte
1369 2549 1504 2614 inveniat

360 2663 480 2717 terram
510 2664 660 2737 apertam
691 2663 724 2719 et
753 2656 859 2736 magis
888 2654 1039 2733 facilem3
1074 2665 1108 2718 et
1137 2653 1306 2737 complura
1331 2654 1366 2718 id
1400 2672 1503 2736 genus.

361 2754 519 2822 Similiter
536 2758 642 2822 lacere
660 2768 790 2841 oportet
811 2760 895 2823 circa
917 2759 1141 2823 exclusionem
1157 2779 1316 2838 ovorum;
1338 2757 1400 2820 ubi
1421 2753 1504 2818 facile

359 2862 504 2942 conspici
528 2862 661 2925 dabitur
683 2881 854 2944 processus
873 2862 1060 2926 vivificandi
1085 2871 1118 2926 et
1139 2861 1362 2944 organizandi,
1379 2870 1415 2924 et
1432 2855 1502 2940 quid

360 2973 394 3026 et
417 2986 503 3044 quae
521 2975 631 3046 partes
651 2965 732 3030 fiant
754 2987 796 3029 ex
812 2965 935 3040 vitello,
951 2966 1031 3047 quid
1055 2986 1098 3029 ex
1116 2964 1284 3029 albumine
1299 2965 1361 3040 ovi,
1382 2972 1415 3027 et
1438 2960 1501 3023 alia.

361 3065 487 3131 Similis
503 3078 552 3132 est
568 3071 652 3132 ratio
664 3071 748 3134 circa
764 3068 919 3134 animalia
933 3089 976 3132 ex
993 3068 1231 3152 putrefactione
1240 3069 1275 3134 ⁷⁸.
1320 3068 1413 3131 Nam
1429 3066 1502 3128 circa

360 3273 398 3322 As
417 3271 528 3338 bearing
546 3289 583 3326 on
602 3275 707 3327 certain
725 3283 831 3345 aspects
849 3275 881 3329 of
896 3277 926 3342 it,
939 3276 987 3330 the
1004 3276 1117 3330 student
1133 3292 1196 3346 may
1205 3276 1271 3330 read
1283 3275 1349 3330 with
1362 3276 1502 3338 advantage

360 3354 408 3407 the
427 3355 511 3423 Essay
530 3371 565 3408 on
586 3357 755 3426 Continuity,
774 3359 918 3427 appended
936 3365 967 3414 to
987 3361 1029 3414 Sir
1044 3359 1093 3416 W.
1106 3359 1140 3414 R.
1154 3360 1270 3414 Grore's
1288 3359 1463 3414 Correlatiou
1479 3352 1505 3408 ol

361 3437 485 3506 Physieal
500 3439 521 3490 F
523 3455 610 3504 orces,
623 3440 732 3510 already
745 3441 870 3495 referred
881 3449 921 3496 to.

395 3519 418 3553 ²⁴
437 3523 488 3591 Cp.
501 3522 549 3576 the
563 3523 707 3592 Aphorlsm
726 3541 762 3578 on
779 3526 881 3579 Latent
900 3528 1023 3594 Process,
1036 3528 1062 3581 ii.
1077 3529 1109 3582 6:
1129 3527 1216 3580 ‘Cum
1236 3528 1310 3581 enim
1328 3527 1420 3580 omnis
1438 3523 1501 3578 actio

360 3608 489 3662 naturalis
509 3623 560 3676 per
580 3608 692 3661 minima
713 3608 887 3678 transigatur,
906 3619 953 3664 aut
972 3611 1070 3664 saltem
1091 3627 1140 3680 per
1162 3611 1206 3664 illa
1227 3628 1297 3681 quae
1318 3617 1384 3664 sunt
1405 3611 1501 3663 minora

360 3707 442 3760 quarn
455 3696 487 3744 ut
499 3708 609 3745 sensum
620 3691 729 3759 feriant,
741 3710 825 3747 nemo
837 3711 865 3748 se
878 3701 1004 3748 naturam
1017 3711 1113 3763 regere
1126 3701 1174 3750 aut
1189 3701 1297 3750 vertere
1314 3710 1395 3764 posse
1411 3697 1501 3764 speret,

360 3775 411 3828 nisi
423 3775 466 3828 illa
479 3775 573 3829 debito
586 3776 670 3829 modo
682 3777 922 3845 comprehenderit
935 3784 964 3831 et
977 3779 1133 3832 notaverit!

394 3855 417 3888 ²⁵
436 3859 494 3912 For
504 3858 552 3912 the
564 3861 677 3914 interest
690 3861 777 3914 which
791 3861 885 3915 Bacon
897 3862 964 3914 tooh
979 3863 1006 3914 in
1020 3863 1145 3916 Gardens
1158 3863 1212 3917 and
1225 3861 1391 3930 Gardeuing,
1405 3879 1450 3916 see
1461 3860 1500 3913 the

360 3941 445 4012 Essay
454 3945 462 3972 ‘
469 3942 509 3996 Of
515 3943 652 3996 Gardens’
663 3944 716 3997 and
728 3945 776 3998 the
787 3961 934 4000 numerous
947 3947 1163 4014 ‘experiments'
1177 3948 1204 4001 in
1214 3948 1262 4001 the
1273 3947 1351 4017 Sylva
1361 3947 1501 4016 Sylvarum,

359 4024 473 4093 bearing
484 4042 521 4079 on
533 4027 610 4080 these
623 4025 752 4094 subjecte.

394 4106 416 4140 ⁷⁸
435 4109 515 4162 ‘The
527 4110 633 4178 epithet
645 4109 767 4178 perfecta
780 4112 802 4164 is
814 4112 950 4182 generally
962 4113 1040 4182 given
1053 4120 1083 4167 to
1095 4113 1174 4168 those
1187 4115 1298 4168 auimals
1307 4113 1397 4168 which
1410 4115 1501 4167 cannot

360 4193 444 4245 result
462 4193 535 4246 from
557 4192 751 4260 putrefaction.
788 4195 971 4264 Caesalpinus,
991 4197 1018 4250 in
1037 4199 1085 4250 the
1104 4199 1287 4268 Quaestiones
1305 4199 1425 4267 Peripat.
1444 4213 1466 4252 v.
1483 4211 1499 4258 1,

360 4276 503 4328 maintains
521 4276 582 4328 that
600 4277 633 4328 all
652 4277 764 4330 animals
780 4293 843 4347 may
856 4280 941 4333 result
952 4278 1024 4333 from
1041 4281 1234 4349 putrefaction,
1247 4281 1301 4335 and
1316 4281 1375 4335 that
1390 4280 1444 4333 this
1456 4291 1500 4329 was

359 4359 407 4411 the
420 4360 546 4413 doctrine
559 4359 591 4412 of
601 4361 741 4414 Aristotle.
776 4361 839 4415 The
851 4379 925 4416 same
938 4365 1049 4432 opinion
1061 4365 1123 4431 had,
1138 4366 1148 4417 l
1163 4366 1275 4431 believe,
1288 4366 1358 4418 been
1371 4359 1499 4418 advanced

360 4439 397 4510 by
416 4443 552 4496 Averrois.
595 4442 671 4496 That
692 4445 764 4498 mice
785 4461 848 4515 may
869 4445 904 4500 be
925 4447 1066 4516 produced
1087 4448 1125 4518 by
1145 4449 1284 4518 equivocal
1306 4443 1499 4516 generationis

360 4524 490 4592 asserted,
512 4541 540 4578 as
561 4542 576 4579 a
598 4534 700 4580 matter
721 4535 771 4582 not
793 4529 939 4600 admitting
960 4531 992 4585 ol
1010 4531 1126 4602 dispute,
1146 4533 1182 4602 by
1202 4533 1319 4601 Cardan,
1339 4533 1384 4587 De
1403 4531 1497 4584 Rerum
