3220 5102
614 413 695 473 ΜΒ.
718 416 760 471 rr.
785 407 840 489 48.
1252 419 1314 498 523

167 617 172 622 -
206 573 256 666 (1)
279 577 393 643 Motus
420 577 549 644 Primus
575 579 617 644 sit
644 580 758 644 Motus
783 579 1010 662 Antiopiaev
1037 583 1203 663 materiae,
1229 606 1315 668 quae

163 681 249 749 inest
271 685 305 749 in
327 686 462 768 singulis
482 685 688 767 portionibus
708 685 798 768 ejus;
825 705 1006 769 perquem
1027 688 1124 769 plane
1142 689 1314 754 annihilari

163 807 229 852 non
259 789 349 854 vult:
389 791 435 852 ita
464 799 503 853 ut
531 789 659 853 nullum
696 791 893 866 incendium,
924 791 1051 855 nullum
1089 793 1219 874 pondus
1256 804 1315 858 aut

163 891 339 974 depressio,
359 893 449 956 nulla
470 891 635 972 violentia,
655 894 744 958 nulla
767 895 910 976 denique
928 905 1020 960 aetas
1038 906 1097 959 aut
1117 898 1314 962 diuturnitas

162 995 321 1077 temporis
351 997 456 1078 possit
485 997 634 1080 redigere
663 997 809 1080 aliquam
839 996 891 1060 vel
923 999 1094 1063 minimam
1128 1001 1313 1083 portionem

163 1099 319 1162 materiae
342 1099 375 1162 in
398 1099 556 1178 nihilum3
587 1099 667 1182 quin
690 1100 746 1163 illa
770 1109 803 1164 et
825 1103 868 1164 sit
890 1101 1024 1183 aliquid,
1047 1113 1080 1166 et
1103 1102 1166 1168 loci
1189 1102 1313 1188 aliquid

162 1210 310 1283 occupet,
342 1211 375 1266 et
412 1223 448 1266 se
483 1201 532 1288 (in
570 1203 791 1286 qualicunque
829 1204 1024 1268 necessitate
1061 1205 1224 1292 ponatur),
1261 1207 1313 1271 vel

162 1301 303 1369 sormam
326 1308 486 1371 mutando
505 1307 557 1371 vel
581 1307 698 1385 locum,
717 1307 843 1382 liberet,
864 1307 917 1371 vel
940 1305 981 1392 (si
1002 1330 1067 1372 non
1090 1312 1187 1374 detur
1205 1311 1313 1398 copia)

163 1415 200 1470 ut
218 1418 268 1472 est
284 1410 460 1490 subsistat;
483 1433 590 1495 neque
614 1432 759 1494 unquam
782 1432 832 1475 res
854 1432 895 1475 eo
915 1412 1076 1492 deveniat,
1094 1424 1131 1478 ut
1153 1425 1211 1480 aut
1234 1416 1314 1480 nihil

162 1511 215 1586 sit,
240 1522 297 1576 aut
324 1513 438 1578 nullibi
448 1514 483 1580 ⁴⁹.
529 1515 640 1598 Quem
664 1524 793 1578 motum
817 1513 940 1578 Schola
965 1513 1066 1600 (quae
1092 1537 1223 1600 semper
1248 1519 1315 1582 sere

162 1623 194 1676 et
211 1614 404 1681 denominat
420 1624 452 1682 et
468 1617 583 1682 definit
606 1639 657 1681 res
679 1617 790 1700 potius
813 1637 872 1698 per
894 1617 1030 1682 effectus
1053 1628 1085 1684 et
1104 1621 1314 1685 incommoda

162 1736 262 1797 quarn
290 1739 350 1801 per
375 1741 490 1784 causas
517 1717 702 1804 interiores)
727 1720 780 1784 vel
807 1721 946 1784 denotat
976 1741 1035 1803 per
1065 1722 1144 1786 illud
1172 1723 1315 1802 axioma,

162 1821 252 1900 quod
278 1822 354 1886 Duo
378 1835 510 1906 corpora
536 1845 598 1888 non
620 1823 752 1905 possint
773 1843 839 1886 esse
866 1823 901 1886 in
927 1843 990 1886 uno
1016 1823 1102 1899 loco,·
1135 1826 1188 1889 vel
1218 1837 1315 1892 vocat

161 1935 291 1989 motum
327 1928 382 1990 Ne
409 1929 480 2012 fiat
506 1929 686 2010 pererrato
721 1926 959 1992 dimensionum
969 1927 1004 1992 ⁶⁰.
1061 1929 1181 2011 Neque
1216 1929 1315 2013 hujus

161 2038 272 2092 motus
295 2031 451 2114 exempla
468 2032 607 2115 proponi
627 2040 885 2096 consentaneum
904 2039 974 2094 est:
1005 2031 1090 2096 inest
1112 2033 1200 2096 enirn
1223 2033 1313 2099 omni

161 2134 296 2214 corpori.

204 2231 254 2319 (α)
277 2235 329 2301 Sit
346 2237 460 2303 Motus
476 2239 659 2318 Secundus,
675 2238 789 2304 Motus
805 2236 918 2326 (quern
937 2239 1158 2326 appellamus)
1178 2241 1314 2318 Notus,-

161 2358 335 2421 perquem
352 2363 489 2426 corpora
508 2364 573 2406 non
592 2345 761 2426 patiuntur
778 2364 813 2407 se
832 2342 899 2407 ulla
920 2365 964 2406 ex
982 2355 1076 2426 parte
1097 2346 1146 2408 sui
1167 2346 1275 2408 dirimi
1293 2368 1313 2410 a

161 2447 315 2504 contactu
338 2442 473 2506 alterius
495 2443 648 2525 corporis,
671 2453 707 2506 ut
731 2463 816 2524 quae
840 2451 957 2506 mutuo
984 2464 1073 2507 nexu
1101 2454 1133 2507 et
1160 2454 1313 2508 contactu

160 2543 335 2622 gaudeant.
391 2546 501 2629 Quem
533 2557 660 2610 motum
691 2545 814 2611 Schola
844 2555 941 2611 vocat
975 2546 1107 2610 Motum
1137 2547 1191 2609 Ne
1218 2546 1314 2610 detur

161 2664 298 2710 vacuum
308 2645 354 2712 ⁵¹:
382 2651 483 2714 veluti
505 2671 579 2714 curn
598 2671 684 2733 aqua
706 2649 882 2714 attrahitur
903 2669 1033 2714 sursum
1051 2651 1237 2730 exuctione,
1255 2660 1314 2716 aut

159 2857 234 2918 parts
252 2851 284 2905 of
299 2869 315 2906 a
333 2853 407 2924 body
421 2855 478 2926 (lor
496 2857 627 2922 instance,
640 2855 672 2910 of
688 2855 735 2909 the
754 2855 914 2924 rnolecules)
934 2872 962 2908 as
981 2855 1042 2908 well
1060 2871 1089 2908 as
1105 2862 1136 2908 to
1154 2855 1272 2922 changes
1284 2855 1317 2908 ol'

158 2935 235 3002 place
248 2935 280 2989 of
289 2936 337 2991 the
349 2940 438 2993 entire
450 2939 525 3009 body
537 2937 617 2994 itsell.
655 2937 719 2993 The
732 2955 817 3006 vague
829 2953 878 2991 use
891 2937 923 2992 of
932 2939 981 2992 the
992 2942 1065 2992 term
1078 2939 1223 2992 ‘Motion'
1236 2941 1313 2993 dates

158 3019 231 3073 from
244 3021 376 3076 Aristotle
389 3022 569 3078 downwards.
605 3023 734 3092 Aquinas,
754 3021 781 3076 in
802 3022 850 3075 the
868 3024 988 3089 Summa,
1001 3024 1158 3093 repeatedly
1174 3040 1234 3092 says
1252 3023 1313 3078 that

158 3117 212 3171 any
224 3104 367 3171 operation
380 3106 518 3160 whatever
530 3123 593 3176 may
607 3107 774 3160 ‘secundum
786 3105 1010 3160 similitudinem’
1023 3106 1058 3159 be
1072 3107 1158 3160 called
1172 3107 1287 3162 motion.

195 3185 265 3240 This
289 3188 434 3258 Aphorism
458 3207 513 3244 was
538 3190 666 3244 included
691 3190 718 3243 in
742 3189 790 3244 the
815 3190 885 3244 little
909 3189 1026 3257 volume,
1049 3190 1164 3244 entitled
1190 3191 1314 3245 Historia

158 3265 297 3324 Naturalis
316 3278 345 3325 et
363 3272 599 3342 Experimentalis,
618 3273 677 3340 dte,
696 3272 840 3342 published
858 3279 887 3327 at
905 3273 1018 3343 Leyden
1037 3272 1065 3325 in
1081 3277 1158 3342 1638.
1196 3277 1247 3329 See
1267 3275 1313 3328 ln·

158 3353 326 3422 troduction,
339 3371 365 3424 p.
383 3373 440 3424 143,
454 3364 520 3412 note
532 3361 576 3412 62.

193 3433 216 3466 ⁴⁸
234 3437 345 3492 Motion
358 3439 390 3493 of
400 3443 531 3508 reaction,
545 3443 704 3508 resistance,
716 3456 749 3494 or
761 3441 1001 3511 impenetrabillty.
1039 3441 1089 3510 Cp.
1102 3441 1150 3496 the
1163 3457 1210 3496 use
1223 3440 1256 3495 ol
1266 3441 1313 3495 the

155 3519 221 3572 verb
238 3520 384 3578 ἅντιτυπιῖν
400 3525 428 3576 in
444 3525 527 3579 Arist.
545 3525 772 3590 Meteorologica,
790 3525 817 3578 ii.
832 3529 846 3576 8
868 3524 907 3596 (p.
922 3527 972 3590 368
986 3541 1010 3577 a.
1027 3523 1064 3591 3),
1084 3524 1120 3578 iii.
1137 3541 1147 3576 r
1165 3522 1203 3591 (p.
1219 3539 1270 3588 370
1283 3522 1311 3578 b.

162 3608 201 3670 18,
214 3605 268 3657 and
283 3621 331 3671 371
347 3623 371 3661 a.
387 3608 442 3677 25).
481 3608 513 3661 ln
533 3611 632 3661 Sextus
651 3608 815 3676 Empiricos,
828 3605 925 3676 Pyrrh.
941 3608 1047 3677 Hypot.
1060 3606 1106 3661 bk.
1120 3607 1157 3659 lii.
1170 3607 1213 3660 ch.
1229 3623 1252 3672 5,
1265 3605 1313 3659 the

158 3687 455 3760 incomprehensibility
467 3693 499 3746 of
515 3692 588 3760 body
601 3693 623 3743 is
635 3690 757 3744 founded
773 3706 810 3743 on
828 3690 875 3742 the
891 3689 1188 3758 incomprehensibillty
1201 3688 1233 3742 of
1244 3688 1313 3743 ἀντι·

156 3771 242 3838 nmio,
255 3773 309 3826 and
322 3775 382 3828 that
394 3791 430 3828 on
443 3776 492 3829 the
504 3773 804 3842 incomprehensibility
816 3772 849 3825 ol
858 3773 952 3826 touch.

192 3853 215 3886 ⁴⁹
233 3855 297 3910 The
310 3857 423 3912 ‘Motus
435 3855 609 3927 Antitypiae'
622 3871 655 3909 or
669 3855 914 3924 Indestructibllity
926 3853 959 3908 os
972 3857 1076 3908 matter
1091 3853 1112 3906 ls
1124 3854 1271 3923 expressed
1285 3853 1312 3908 in

157 3939 205 3993 the
217 3941 302 4009 adage
316 3943 359 3995 ‘in
379 3943 492 3996 nihilum
511 3942 548 3994 nil
567 3955 646 4010 posse
665 3938 784 3992 reverti!
822 3940 873 3992 See
887 3939 913 3992 ii.
926 3954 969 4006 40,
983 3953 1028 4007 pp.
1042 3955 1139 4006 490-1‚
1153 3939 1219 3992 with
1233 3943 1313 3994 notes

158 4039 200 4089 5²,
216 4041 258 4090 53·

191 4105 214 4137 ⁶⁰
232 4109 283 4176 Cp.
296 4109 323 4164 ii.
338 4112 370 4176 36
384 4109 435 4180 (6),
474 4109 502 4163 lf
511 4109 590 4163 there
603 4107 684 4162 could
698 4105 733 4158 be
744 4112 802 4159 two
814 4105 910 4159 bodies
923 4105 951 4158 in
964 4119 1017 4158 one
1030 4104 1116 4173 place,
1129 4121 1182 4158 one
1194 4103 1227 4158 of
1236 4104 1313 4159 them

157 4191 247 4244 would
264 4192 299 4246 be
315 4193 490 4260 annihilated,
503 4191 591 4246 which
605 4193 627 4245 is
639 4207 656 4245 a
667 4189 870 4244 contradiction
888 4189 915 4242 in
928 4195 1023 4242 terms.
1062 4187 1170 4254 Hence,
1183 4187 1251 4242 both
1264 4187 1313 4244 the

155 4273 260 4327 axioms
273 4275 339 4330 here
351 4274 477 4330 referred
489 4285 519 4330 to
531 4276 614 4346 lmply
627 4273 675 4328 the
688 4272 930 4341 indestructibility
943 4270 976 4325 of
985 4277 1097 4324 matter.

191 4355 212 4388 ⁵¹
233 4358 265 4412 ln
278 4359 326 4412 the
339 4358 533 4414 Phaenomena
545 4359 671 4413 Universi
685 4357 730 4428 (E.
747 4357 800 4411 and
819 4358 855 4421 8.,
870 4357 924 4409 vol.
937 4355 974 4408 iii.
989 4370 1015 4423 p.
1030 4353 1095 4421 704)
1109 4354 1163 4408 this
1181 4355 1204 4407 is
1221 4353 1311 4408 called

156 4441 269 4496 ‘Motus
281 4444 466 4512 successionis,
480 4461 562 4513 quem
574 4449 681 4497 motum
695 4459 730 4495 ne
742 4442 824 4497 detur
836 4455 951 4494 vacuum
964 4439 1117 4508 appellant?

192 4525 237 4578 On
251 4525 367 4582 Bacon’s
385 4528 519 4598 rejection
538 4526 569 4581 ol
586 4543 601 4580 a
618 4543 742 4595 vacuum,
760 4525 814 4580 and
831 4525 873 4579 bis
892 4523 989 4579 notiora
1004 4522 1037 4576 ol
1052 4521 1199 4577 ‘Nature's
1210 4519 1312 4575 abhor-
