3346 5104
327 393 389 480 176
672 401 947 459 DISTRIBUTIO
971 401 1131 459 OPERIS.

370 567 477 633 Sexta
497 568 631 632 tandem
652 588 728 651 pars
745 568 854 651 operis
876 567 980 632 nostri
995 565 1062 652 (cui
1083 566 1227 650 reliquae
1247 565 1425 632 inserviunt
1440 547 1480 632 ac

326 671 527 757 ministrant)
553 693 627 736 eam
653 671 788 735 demum
815 672 954 736 recludit
981 680 1014 736 et
1044 672 1198 753 proponit
1226 670 1478 754 philosophiam,

326 796 412 858 quae
432 797 477 838 ex
498 761 690 856 hujusmodi
706 771 851 858 (qualem
874 783 951 839 ante
971 773 1143 837 docuimus
1164 782 1198 838 et
1215 772 1416 858 paravimus)
1431 775 1480 836 in·

326 879 502 960 quisitione
520 878 669 961 legitima
687 887 721 942 et
741 887 832 942 casta
851 887 884 942 et
904 898 1018 942 severa
1040 876 1190 941 educitur
1209 886 1243 941 et
1260 877 1479 942 constituitur.

329 982 428 1046 Hanc
451 1003 530 1046 vero
559 990 763 1065 postremam
789 991 919 1064 partem
946 979 1101 1063 perticere
1127 988 1161 1044 et
1186 981 1229 1043 ad
1254 981 1383 1045 exitum
1406 1001 1480 1064 per·

327 1088 455 1163 ducere,
475 1106 526 1148 res
548 1094 599 1149 est
620 1095 653 1148 et
676 1105 776 1167 supra
795 1085 880 1148 vires
899 1093 933 1148 et
953 1084 1040 1148 ultra
1063 1104 1139 1166 spes
1159 1093 1287 1148 nostras
1310 1085 1479 1149 collocata.

328 1189 400 1252 Nos
422 1188 451 1252 ei
473 1189 564 1253 initia
580 1186 631 1273 (ut
649 1185 834 1272 speramus)
849 1209 916 1252 non
937 1187 1188 1266 contemnenda,
1204 1188 1332 1251 exitum
1351 1187 1480 1270 generis

326 1291 462 1355 humani
491 1291 623 1355 fortuna
649 1291 752 1368 dabit,
778 1290 911 1374 qualem
936 1291 1021 1355 forte
1046 1291 1198 1355 homines
1222 1292 1255 1354 in
1280 1290 1343 1355 hoc
1373 1310 1479 1354 rerum

328 1403 362 1458 et
377 1395 561 1459 animorum
577 1405 665 1459 statu
678 1394 768 1459 haud
784 1393 879 1459 facile
893 1395 1005 1458 animo
1018 1415 1135 1477 capere
1150 1404 1209 1458 aut
1225 1395 1332 1458 metiri
1347 1403 1480 1476 queant.

328 1498 447 1580 Neque
470 1498 557 1562 enirn
581 1499 690 1581 agitur
712 1499 819 1563 solum
849 1498 1011 1562 foelicitas
1035 1496 1301 1580 contemplativa,
1325 1498 1384 1560 sed
1405 1517 1481 1561 vere

328 1621 379 1666 res
390 1601 554 1665 humanae
569 1611 602 1666 et
618 1602 779 1677 fortunae,
789 1612 890 1684 atque
902 1603 1008 1665 omnis
1024 1621 1160 1683 operum
1176 1601 1334 1684 potentia.
1367 1600 1481 1664 Homo

329 1704 417 1769 enim
441 1714 578 1769 naturae
600 1704 748 1769 minister
767 1715 800 1768 et
824 1707 982 1787 interpres
1006 1713 1137 1768 tantum
1160 1703 1238 1769 facit
1262 1713 1295 1768 et
1318 1703 1481 1786 intelligit,

328 1816 490 1888 quantum
515 1809 558 1872 de
582 1816 718 1871 naturae
744 1809 867 1886 ordine,
894 1826 994 1890 opere
1018 1806 1071 1870 vel
1096 1816 1216 1885 mente,
1236 1807 1479 1872 observaverit:

330 1931 389 1974 nec
405 1911 546 1993 amplius
562 1912 633 1982 scit,
646 1918 704 1975 aut
719 1920 839 1993 potest.
877 1911 997 1993 Neque
1007 1911 1096 1974 enim
1112 1909 1198 1975 ullae
1212 1911 1295 1974 vires
1311 1929 1481 1973 causarum

328 2023 480 2078 catenam
503 2014 629 2078 solvere
651 2023 709 2078 aut
729 2014 928 2097 perfringere
951 2013 1097 2096 possint;
1120 2033 1228 2096 neque
1250 2024 1366 2077 natura
1388 2014 1483 2080 aliter

329 2135 430 2197 quam
460 2117 608 2198 parendo
634 2117 782 2181 vincitur.
840 2117 958 2198 ltaque
987 2116 1185 2180 intentiones
1214 2117 1366 2198 geminae
1398 2114 1481 2193 illae,

329 2217 494 2282 humanae
507 2219 629 2283 scilicet
644 2219 805 2283 Scientiae
816 2229 849 2283 et
862 2219 1037 2295 Potentiae,
1048 2239 1125 2282 vere
1135 2219 1167 2281 in
1178 2220 1266 2283 idem
1277 2218 1481 2296 coincidunt3

330 2331 364 2385 et
378 2321 543 2385 frustratio
562 2343 700 2405 operum
717 2324 864 2386 maxime
879 2321 916 2385 fit
933 2342 977 2385 ex
995 2321 1199 2404 ignoratione
1213 2342 1395 2387 causarum.

372 2424 489 2507 Atque
508 2425 541 2486 in
560 2445 599 2488 eo
620 2434 697 2490 sunt
717 2426 837 2500 omnia,
854 2424 956 2506 siquis
974 2424 1088 2487 oculos
1109 2426 1230 2488 mentis
1247 2446 1268 2489 a
1288 2425 1385 2489 rebus
1403 2423 1482 2506 ipsis

331 2547 500 2610 nunquam
526 2527 690 2609 dejiciens,
713 2549 824 2592 earum
848 2528 1008 2608 imagines
1033 2526 1132 2608 plane
1161 2537 1198 2592 ut
1228 2537 1306 2592 sunt
1327 2528 1480 2609 excipiat.

331 2632 451 2713 Neque
466 2630 554 2694 enim
570 2630 633 2694 hoc
652 2631 762 2694 siverit
780 2631 880 2706 Deus,
896 2639 933 2693 ut
954 2629 1149 2711 phantasiae
1169 2640 1298 2694 nostrae
1318 2631 1482 2695 somnium

331 2754 390 2815 pro
411 2733 593 2814 exemplari
615 2733 730 2797 mundi
754 2735 912 2796 edamus:
935 2732 994 2796 sed
1015 2732 1124 2813 potius
1143 2732 1285 2814 benigne
1307 2734 1425 2810 faveat,
1446 2742 1484 2797 ut

331 2836 557 2919 apocalypsim
593 2856 632 2900 ac
661 2856 773 2899 veram
803 2835 961 2898 visionem
997 2835 1210 2917 vestigiorum
1240 2845 1274 2899 et
1303 2834 1483 2917 sigillorum

332 2939 487 3002 creatoris
502 2959 600 3021 super
614 2946 779 3002 creaturas
794 2936 983 3000 scribamus.

377 3042 494 3123 ltaque
521 3041 573 3104 Tu
599 3041 705 3115 Pater,
731 3041 786 3123 qui
811 3040 920 3103 lucem
946 3039 1109 3103 visibilem
1133 3039 1293 3123 primitias
1316 3048 1485 3104 creaturae

332 3143 461 3222 dedisti,
478 3153 512 3208 et
535 3143 642 3207 lucem
662 3142 918 3208 intellectualem
938 3144 982 3206 ad
1003 3142 1169 3226 fastigium
1192 3163 1328 3224 operum
1351 3151 1483 3206 tuorum

333 3245 365 3308 in
389 3245 505 3309 faciem
527 3245 670 3309 hominis
692 3246 876 3329 inspirasti;
904 3265 988 3327 opus
1010 3244 1081 3322 hoc,
1101 3246 1190 3327 quod
1213 3267 1233 3308 a
1255 3255 1313 3310 tua
1334 3245 1485 3310 bonitate

333 3349 517 3430 profectum
538 3360 630 3413 tuam
651 3347 791 3433 gloriam
807 3350 935 3430 repetit,
950 3357 1042 3412 tuere
1058 3359 1092 3413 et
1107 3370 1192 3432 rege.
1237 3347 1291 3411 Tu
1306 3358 1483 3432 postquam

333 3472 509 3515 conversus
546 3473 581 3515 es
618 3455 661 3516 ad
700 3453 917 3535 spectandum
948 3472 1048 3533 opera
1077 3472 1162 3533 quae
1191 3452 1337 3516 fecerunt
1368 3472 1484 3515 manus

332 3563 419 3631 tuae,
441 3554 550 3619 vidisti
576 3554 666 3637 quod
691 3555 803 3618 omnia
827 3563 935 3617 essent
957 3553 1046 3617 bona
1071 3554 1191 3632 valde;
1227 3565 1261 3618 et
1287 3554 1484 3636 requievisti.

333 3657 383 3722 At
413 3657 513 3721 homo
543 3678 720 3722 conversus
750 3658 792 3721 ad
823 3677 923 3739 opera
956 3677 1042 3738 quae
1071 3657 1218 3721 fecerunt
1248 3678 1366 3722 manus
1396 3677 1484 3734 suae,

331 3759 415 3823 vidit
444 3760 535 3842 quod
567 3761 680 3824 omnia
709 3768 819 3824 essent
848 3759 977 3822 vanitas
1007 3768 1041 3825 et
1070 3761 1205 3823 vexatio
1234 3762 1386 3842 spiritus3
1425 3778 1484 3824 nec

333 3862 401 3926 ullo
432 3862 533 3927 modo
562 3862 731 3944 requievit.
791 3861 903 3942 Quare
940 3861 967 3924 si
1001 3863 1034 3925 in
1064 3862 1219 3944 operibus
1256 3864 1322 3926 tuis
1353 3861 1486 3926 sudabi-

333 3963 533 4046 muqlfacies
551 3985 611 4028 nos
632 3964 767 4028 visionis
790 3974 867 4027 tuae
890 3974 924 4030 et
945 3964 1075 4029 sabbati
1098 3966 1145 4028 tui
1168 3967 1351 4049 participes.
1398 3965 1485 4050 Sup-

399 4066 500 4150 plices
526 4069 679 4150 petimus,
705 4076 741 4131 ut
770 4066 852 4130 haec
882 4087 975 4132 mens
1002 4067 1097 4131 nobis
1127 4079 1279 4149 constet;
1317 4077 1421 4154 utque

526 4169 620 4236 novis
642 4168 870 4250 eleemosynis,
889 4189 948 4251 per
970 4190 1087 4233 manus
1109 4181 1237 4236 nostras
1259 4182 1293 4238 et

593 4272 732 4338 aliorum
759 4271 879 4352 quibus
908 4273 1048 4335 eandem
1079 4283 1226 4340 mentem

671 4373 826 4457 largieris,
850 4374 1007 4437 familiam
1029 4375 1147 4441 huma-

728 4498 806 4543 nam
829 4480 979 4544 dotatam
1002 4479 1092 4546 velis.
