<?xml version="1.0" encoding="UTF-8"?>
<!DOCTYPE html PUBLIC "-//W3C//DTD XHTML 1.0 Transitional//EN"
    "http://www.w3.org/TR/xhtml1/DTD/xhtml1-transitional.dtd">
<html xmlns="http://www.w3.org/1999/xhtml" xml:lang="en" lang="en">
 <head>
  <title>
</title>
<meta http-equiv="Content-Type" content="text/html;charset=utf-8" />
  <meta name='ocr-system' content='tesseract 3.04.00' />
  <meta name='ocr-capabilities' content='ocr_page ocr_carea ocr_par ocr_line ocrx_word'/>
</head>
<body>
  <div class='ocr_page' id='page_1' title='image "./baconsnovumorga01fowlgoog/baconsnovumorga01fowlgoog_0450.png"; bbox 0 0 3306 5102; ppageno 0'>
   <div class='ocr_carea' id='block_1_1' title="bbox 670 467 1355 541">
    <p class='ocr_par' dir='ltr' id='par_1_1' title="bbox 670 467 1355 541">
     <span class='ocr_line' id='line_1_1' title="bbox 670 467 1355 541; baseline 0.003 -19"><span class='ocrx_word' id='word_1_1' title='bbox 670 467 750 523; x_wconf 74' lang='lat' dir='ltr'>rra.</span> <span class='ocrx_word' id='word_1_2' title='bbox 773 467 816 526; x_wconf 82' lang='lat' dir='ltr'>rr.</span> <span class='ocrx_word' id='word_1_3' title='bbox 841 472 892 541; x_wconf 84' lang='lat'>27·</span> <span class='ocrx_word' id='word_1_4' title='bbox 1292 469 1355 540; x_wconf 81' lang='lat'>427</span> 
     </span>
    </p>
   </div>
   <div class='ocr_carea' id='block_1_2' title="bbox 202 627 1360 1442">
    <p class='ocr_par' dir='ltr' id='par_1_2' title="bbox 202 627 1360 927">
     <span class='ocr_line' id='line_1_2' title="bbox 202 627 1354 712; baseline 0.001 -16"><span class='ocrx_word' id='word_1_5' title='bbox 202 627 303 698; x_wconf 86' lang='lat' dir='ltr'>veluti</span> <span class='ocrx_word' id='word_1_6' title='bbox 320 634 562 698; x_wconf 90' lang='lat' dir='ltr'>manu-ducunt</span> <span class='ocrx_word' id='word_1_7' title='bbox 579 633 744 698; x_wconf 92' lang='lat' dir='ltr'>interdum</span> <span class='ocrx_word' id='word_1_8' title='bbox 760 637 802 699; x_wconf 89' lang='lat' dir='ltr'>ad</span> <span class='ocrx_word' id='word_1_9' title='bbox 819 635 989 700; x_wconf 83' lang='lat' dir='ltr'>axiomata</span> <span class='ocrx_word' id='word_1_10' title='bbox 1005 635 1158 700; x_wconf 91' lang='lat' dir='ltr'>sublimia</span> <span class='ocrx_word' id='word_1_11' title='bbox 1174 645 1207 699; x_wconf 90' lang='lat' dir='ltr'>et</span> <span class='ocrx_word' id='word_1_12' title='bbox 1224 635 1354 712; x_wconf 90' lang='lat' dir='ltr'>nobilia,</span> 
     </span>
     <span class='ocr_line' id='line_1_3' title="bbox 203 737 1360 836; baseline 0.001 -36"><span class='ocrx_word' id='word_1_13' title='bbox 203 739 395 821; x_wconf 89' lang='lat' dir='ltr'>praesertim</span> <span class='ocrx_word' id='word_1_14' title='bbox 425 737 482 800; x_wconf 88' lang='lat' dir='ltr'>illa</span> <span class='ocrx_word' id='word_1_15' title='bbox 512 759 597 820; x_wconf 91' lang='lat' dir='ltr'>quae</span> <span class='ocrx_word' id='word_1_16' title='bbox 625 739 668 802; x_wconf 90' lang='lat' dir='ltr'>ad</span> <span class='ocrx_word' id='word_1_17' title='bbox 701 741 814 804; x_wconf 90' lang='lat' dir='ltr'>mundi</span> <span class='ocrx_word' id='word_1_18' title='bbox 847 741 1140 822; x_wconf 88' lang='lat' dir='ltr'>configurationem</span> <span class='ocrx_word' id='word_1_19' title='bbox 1178 741 1360 836; x_wconf 61' lang='lat' dir='ltr'>pertinent,</span> 
     </span>
     <span class='ocr_line' id='line_1_4' title="bbox 205 842 1056 927; baseline 0.002 -21"><span class='ocrx_word' id='word_1_20' title='bbox 205 844 314 924; x_wconf 87' lang='lat' dir='ltr'>potius</span> <span class='ocrx_word' id='word_1_21' title='bbox 333 862 433 926; x_wconf 92' lang='lat' dir='ltr'>quam</span> <span class='ocrx_word' id='word_1_22' title='bbox 449 842 493 905; x_wconf 89' lang='lat' dir='ltr'>ad</span> <span class='ocrx_word' id='word_1_23' title='bbox 512 851 645 906; x_wconf 90' lang='lat' dir='ltr'>naturas</span> <span class='ocrx_word' id='word_1_24' title='bbox 661 853 694 906; x_wconf 96' lang='lat' dir='ltr'>et</span> <span class='ocrx_word' id='word_1_25' title='bbox 710 843 832 908; x_wconf 76' lang='lat' dir='ltr'>formas</span> <span class='ocrx_word' id='word_1_26' title='bbox 847 845 1011 927; x_wconf 90' lang='lat' dir='ltr'>simplices</span> <span class='ocrx_word' id='word_1_27' title='bbox 1020 842 1056 908; x_wconf 80' lang='lat'>⁸⁰.</span> 
     </span>
    </p>

    <p class='ocr_par' dir='ltr' id='par_1_3' title="bbox 204 946 1353 1442">
     <span class='ocr_line' id='line_1_5' title="bbox 249 946 1352 1030; baseline -0.002 -22"><span class='ocrx_word' id='word_1_28' title='bbox 249 946 409 1028; x_wconf 86' lang='lat' dir='ltr'><strong>Exempli</strong></span> <span class='ocrx_word' id='word_1_29' title='bbox 420 947 542 1028; x_wconf 82' lang='lat' dir='ltr'>gratia3</span> <span class='ocrx_word' id='word_1_30' title='bbox 564 946 747 1010; x_wconf 86' lang='lat' dir='ltr'>Instantiae</span> <span class='ocrx_word' id='word_1_31' title='bbox 760 948 955 1012; x_wconf 90' lang='lat' dir='ltr'>Consormes</span> <span class='ocrx_word' id='word_1_32' title='bbox 966 957 1042 1011; x_wconf 89' lang='lat' dir='ltr'>sunt</span> <span class='ocrx_word' id='word_1_33' title='bbox 1055 967 1139 1030; x_wconf 92' lang='lat' dir='ltr'>quae</span> <span class='ocrx_word' id='word_1_34' title='bbox 1151 954 1352 1028; x_wconf 88' lang='lat' dir='ltr'>sequuntur:</span> 
     </span>
     <span class='ocr_line' id='line_1_6' title="bbox 206 1049 1352 1131; baseline -0.001 -19"><span class='ocrx_word' id='word_1_35' title='bbox 206 1050 384 1131; x_wconf 88' lang='lat' dir='ltr'>speculum,</span> <span class='ocrx_word' id='word_1_36' title='bbox 408 1061 441 1114; x_wconf 90' lang='lat' dir='ltr'>et</span> <span class='ocrx_word' id='word_1_37' title='bbox 465 1049 598 1128; x_wconf 93' lang='lat' dir='ltr'>oculus;</span> <span class='ocrx_word' id='word_1_38' title='bbox 631 1061 664 1114; x_wconf 90' lang='lat' dir='ltr'>et</span> <span class='ocrx_word' id='word_1_39' title='bbox 687 1053 837 1116; x_wconf 88' lang='lat' dir='ltr'>similiter</span> <span class='ocrx_word' id='word_1_40' title='bbox 858 1053 982 1116; x_wconf 86' lang='lat' dir='ltr'>fabrica</span> <span class='ocrx_word' id='word_1_41' title='bbox 1004 1053 1099 1128; x_wconf 87' lang='lat' dir='ltr'>auris,</span> <span class='ocrx_word' id='word_1_42' title='bbox 1124 1060 1158 1114; x_wconf 92' lang='lat' dir='ltr'>et</span> <span class='ocrx_word' id='word_1_43' title='bbox 1181 1051 1254 1113; x_wconf 89' lang='lat' dir='ltr'>loca</span> <span class='ocrx_word' id='word_1_44' title='bbox 1280 1050 1352 1112; x_wconf 91' lang='lat' dir='ltr'>red·</span> 
     </span>
     <span class='ocr_line' id='line_1_7' title="bbox 206 1153 1353 1237; baseline 0 -23"><span class='ocrx_word' id='word_1_45' title='bbox 206 1153 318 1216; x_wconf 89' lang='lat' dir='ltr'>dentia</span> <span class='ocrx_word' id='word_1_46' title='bbox 349 1153 441 1216; x_wconf 91' lang='lat' dir='ltr'>echo.</span> <span class='ocrx_word' id='word_1_47' title='bbox 494 1153 550 1216; x_wconf 89' lang='lat' dir='ltr'>Ex</span> <span class='ocrx_word' id='word_1_48' title='bbox 579 1174 646 1235; x_wconf 92' lang='lat' dir='ltr'>qua</span> <span class='ocrx_word' id='word_1_49' title='bbox 676 1154 915 1235; x_wconf 79' lang='lat' dir='ltr'>conformitate,</span> <span class='ocrx_word' id='word_1_50' title='bbox 945 1165 1076 1237; x_wconf 90' lang='lat' dir='ltr'>praeter</span> <span class='ocrx_word' id='word_1_51' title='bbox 1105 1156 1211 1237; x_wconf 89' lang='lat' dir='ltr'>ipsam</span> <span class='ocrx_word' id='word_1_52' title='bbox 1241 1153 1353 1216; x_wconf 92' lang='lat' dir='ltr'>obser·</span> 
     </span>
     <span class='ocr_line' id='line_1_8' title="bbox 204 1255 1353 1340; baseline 0.003 -25"><span class='ocrx_word' id='word_1_53' title='bbox 204 1255 371 1318; x_wconf 90' lang='lat' dir='ltr'>vationem</span> <span class='ocrx_word' id='word_1_54' title='bbox 394 1255 623 1335; x_wconf 89' lang='lat' dir='ltr'>similitudinis,</span> <span class='ocrx_word' id='word_1_55' title='bbox 647 1277 732 1338; x_wconf 91' lang='lat' dir='ltr'>quae</span> <span class='ocrx_word' id='word_1_56' title='bbox 755 1256 797 1319; x_wconf 91' lang='lat' dir='ltr'>ad</span> <span class='ocrx_word' id='word_1_57' title='bbox 822 1258 926 1320; x_wconf 91' lang='lat' dir='ltr'>multa</span> <span class='ocrx_word' id='word_1_58' title='bbox 945 1258 1034 1321; x_wconf 90' lang='lat' dir='ltr'>utilis</span> <span class='ocrx_word' id='word_1_59' title='bbox 1056 1267 1115 1336; x_wconf 87' lang='lat' dir='ltr'>est,</span> <span class='ocrx_word' id='word_1_60' title='bbox 1138 1257 1281 1340; x_wconf 90' lang='lat' dir='ltr'>proclive</span> <span class='ocrx_word' id='word_1_61' title='bbox 1303 1263 1353 1319; x_wconf 89' lang='lat' dir='ltr'>est</span> 
     </span>
     <span class='ocr_line' id='line_1_9' title="bbox 206 1356 1353 1442; baseline 0.003 -23"><span class='ocrx_word' id='word_1_62' title='bbox 206 1356 339 1440; x_wconf 86' lang='lat' dir='ltr'>insuper</span> <span class='ocrx_word' id='word_1_63' title='bbox 360 1358 512 1440; x_wconf 83' lang='lat' dir='ltr'>colligere</span> <span class='ocrx_word' id='word_1_64' title='bbox 535 1368 569 1422; x_wconf 92' lang='lat' dir='ltr'>et</span> <span class='ocrx_word' id='word_1_65' title='bbox 591 1358 731 1423; x_wconf 81' lang='lat' dir='ltr'>formare</span> <span class='ocrx_word' id='word_1_66' title='bbox 754 1359 835 1422; x_wconf 92' lang='lat' dir='ltr'>illud</span> <span class='ocrx_word' id='word_1_67' title='bbox 857 1360 1012 1438; x_wconf 82' lang='lat' dir='ltr'>axioma3</span> <span class='ocrx_word' id='word_1_68' title='bbox 1042 1360 1204 1435; x_wconf 88' lang='lat' dir='ltr'>videlicet,</span> <span class='ocrx_word' id='word_1_69' title='bbox 1229 1379 1353 1442; x_wconf 88' lang='lat' dir='ltr'>organa</span> 
     </span>
    </p>
   </div>
   <div class='ocr_carea' id='block_1_3' title="bbox 203 1464 1466 1546">
    <p class='ocr_par' dir='ltr' id='par_1_4' title="bbox 203 1464 1466 1546">
     <span class='ocr_line' id='line_1_10' title="bbox 203 1464 1466 1546; baseline 0.006 -24"><span class='ocrx_word' id='word_1_70' title='bbox 203 1479 359 1524; x_wconf 90' lang='lat' dir='ltr'>sensuum</span> <span class='ocrx_word' id='word_1_71' title='bbox 384 1471 417 1525; x_wconf 89' lang='lat' dir='ltr'>et</span> <span class='ocrx_word' id='word_1_72' title='bbox 440 1483 575 1544; x_wconf 90' lang='lat' dir='ltr'>corpora</span> <span class='ocrx_word' id='word_1_73' title='bbox 598 1483 683 1545; x_wconf 88' lang='lat' dir='ltr'>quae</span> <span class='ocrx_word' id='word_1_74' title='bbox 705 1466 836 1546; x_wconf 88' lang='lat' dir='ltr'>pariunt</span> <span class='ocrx_word' id='word_1_75' title='bbox 860 1464 1054 1528; x_wconf 88' lang='lat' dir='ltr'>reflexiones</span> <span class='ocrx_word' id='word_1_76' title='bbox 1077 1466 1119 1528; x_wconf 92' lang='lat' dir='ltr'>ad</span> <span class='ocrx_word' id='word_1_77' title='bbox 1143 1483 1257 1528; x_wconf 91' lang='lat' dir='ltr'>sensus</span> <span class='ocrx_word' id='word_1_78' title='bbox 1283 1481 1355 1525; x_wconf 89' lang='lat' dir='ltr'>esse</span> <span class='ocrx_word' id='word_1_79' title='bbox 1463 1524 1466 1530; x_wconf 87' lang='lat'>.</span> 
     </span>
    </p>
   </div>
   <div class='ocr_carea' id='block_1_4' title="bbox 201 1564 1354 2578">
    <p class='ocr_par' dir='ltr' id='par_1_5' title="bbox 201 1564 1354 2578">
     <span class='ocr_line' id='line_1_11' title="bbox 203 1564 1354 1649; baseline 0.002 -24"><span class='ocrx_word' id='word_1_80' title='bbox 203 1564 319 1626; x_wconf 89' lang='lat' dir='ltr'>similis</span> <span class='ocrx_word' id='word_1_81' title='bbox 346 1574 491 1629; x_wconf 90' lang='lat' dir='ltr'>naturae.</span> <span class='ocrx_word' id='word_1_82' title='bbox 537 1567 663 1629; x_wconf 86' lang='lat' dir='ltr'>Rursus</span> <span class='ocrx_word' id='word_1_83' title='bbox 693 1587 737 1628; x_wconf 88' lang='lat' dir='ltr'>ex</span> <span class='ocrx_word' id='word_1_84' title='bbox 763 1566 826 1630; x_wconf 88' lang='lat' dir='ltr'>hoc</span> <span class='ocrx_word' id='word_1_85' title='bbox 853 1568 925 1649; x_wconf 89' lang='lat' dir='ltr'>ipso</span> <span class='ocrx_word' id='word_1_86' title='bbox 952 1568 1142 1631; x_wconf 89' lang='lat' dir='ltr'>admonitus</span> <span class='ocrx_word' id='word_1_87' title='bbox 1168 1566 1354 1629; x_wconf 85' lang='lat' dir='ltr'>intellectus</span> 
     </span>
     <span class='ocr_line' id='line_1_12' title="bbox 203 1668 1353 1750; baseline 0.003 -23"><span class='ocrx_word' id='word_1_88' title='bbox 203 1683 269 1729; x_wconf 94' lang='lat' dir='ltr'>non</span> <span class='ocrx_word' id='word_1_89' title='bbox 295 1687 394 1748; x_wconf 86' lang='lat' dir='ltr'>aegre</span> <span class='ocrx_word' id='word_1_90' title='bbox 420 1668 558 1750; x_wconf 83' lang='lat' dir='ltr'>insurgit</span> <span class='ocrx_word' id='word_1_91' title='bbox 584 1671 626 1732; x_wconf 91' lang='lat' dir='ltr'>ad</span> <span class='ocrx_word' id='word_1_92' title='bbox 654 1670 789 1732; x_wconf 84' lang='lat' dir='ltr'>axioma</span> <span class='ocrx_word' id='word_1_93' title='bbox 813 1672 983 1750; x_wconf 88' lang='lat' dir='ltr'>quoddam</span> <span class='ocrx_word' id='word_1_94' title='bbox 1010 1670 1107 1734; x_wconf 90' lang='lat' dir='ltr'>altius</span> <span class='ocrx_word' id='word_1_95' title='bbox 1137 1679 1170 1733; x_wconf 91' lang='lat' dir='ltr'>et</span> <span class='ocrx_word' id='word_1_96' title='bbox 1202 1669 1353 1732; x_wconf 89' lang='lat' dir='ltr'>nobilius.</span> 
     </span>
     <span class='ocr_line' id='line_1_13' title="bbox 203 1769 1354 1856; baseline 0.001 -25"><span class='ocrx_word' id='word_1_97' title='bbox 203 1769 277 1834; x_wconf 89' lang='lat' dir='ltr'>Hoc</span> <span class='ocrx_word' id='word_1_98' title='bbox 294 1771 467 1848; x_wconf 90' lang='lat' dir='ltr'>nimirum;</span> <span class='ocrx_word' id='word_1_99' title='bbox 492 1772 572 1834; x_wconf 92' lang='lat' dir='ltr'>nihil</span> <span class='ocrx_word' id='word_1_100' title='bbox 589 1771 744 1836; x_wconf 82' lang='lat' dir='ltr'>interesse</span> <span class='ocrx_word' id='word_1_101' title='bbox 761 1774 845 1836; x_wconf 84' lang='lat' dir='ltr'>inter</span> <span class='ocrx_word' id='word_1_102' title='bbox 860 1795 1038 1837; x_wconf 86' lang='lat' dir='ltr'>consensus</span> <span class='ocrx_word' id='word_1_103' title='bbox 1058 1776 1126 1836; x_wconf 90' lang='lat' dir='ltr'>sive</span> <span class='ocrx_word' id='word_1_104' title='bbox 1146 1772 1354 1856; x_wconf 88' lang='lat' dir='ltr'>sympathias</span> 
     </span>
     <span class='ocr_line' id='line_1_14' title="bbox 202 1877 1353 1957; baseline 0.002 -23"><span class='ocrx_word' id='word_1_105' title='bbox 202 1891 374 1954; x_wconf 89' lang='lat' dir='ltr'>corporum</span> <span class='ocrx_word' id='word_1_106' title='bbox 404 1893 501 1937; x_wconf 90' lang='lat' dir='ltr'>sensu</span> <span class='ocrx_word' id='word_1_107' title='bbox 532 1877 765 1957; x_wconf 90' lang='lat' dir='ltr'>praeditorum,</span> <span class='ocrx_word' id='word_1_108' title='bbox 795 1887 828 1940; x_wconf 90' lang='lat' dir='ltr'>et</span> <span class='ocrx_word' id='word_1_109' title='bbox 859 1877 1114 1940; x_wconf 87' lang='lat' dir='ltr'>inanimatorum</span> <span class='ocrx_word' id='word_1_110' title='bbox 1145 1878 1215 1938; x_wconf 86' lang='lat' dir='ltr'>sine</span> <span class='ocrx_word' id='word_1_111' title='bbox 1246 1895 1353 1951; x_wconf 90' lang='lat' dir='ltr'>sensu,</span> 
     </span>
     <span class='ocr_line' id='line_1_15' title="bbox 203 1975 1350 2061; baseline 0.003 -25"><span class='ocrx_word' id='word_1_112' title='bbox 203 1976 263 2036; x_wconf 91' lang='lat' dir='ltr'>nisi</span> <span class='ocrx_word' id='word_1_113' title='bbox 287 1978 375 2057; x_wconf 92' lang='lat' dir='ltr'>quod</span> <span class='ocrx_word' id='word_1_114' title='bbox 394 1979 433 2039; x_wconf 61' lang='lat' dir='ltr'>&#39;in</span> <span class='ocrx_word' id='word_1_115' title='bbox 457 1977 521 2041; x_wconf 90' lang='lat' dir='ltr'>illis</span> <span class='ocrx_word' id='word_1_116' title='bbox 542 1980 678 2042; x_wconf 89' lang='lat' dir='ltr'>accedat</span> <span class='ocrx_word' id='word_1_117' title='bbox 703 1980 836 2061; x_wconf 91' lang='lat' dir='ltr'>spiritus</span> <span class='ocrx_word' id='word_1_118' title='bbox 859 1981 1009 2044; x_wconf 89' lang='lat' dir='ltr'>animalis</span> <span class='ocrx_word' id='word_1_119' title='bbox 1019 1979 1043 2017; x_wconf 78' lang='lat'>⁸¹</span> <span class='ocrx_word' id='word_1_120' title='bbox 1067 1981 1109 2044; x_wconf 90' lang='lat' dir='ltr'>ad</span> <span class='ocrx_word' id='word_1_121' title='bbox 1133 1999 1252 2061; x_wconf 89' lang='lat' dir='ltr'>corpus</span> <span class='ocrx_word' id='word_1_122' title='bbox 1269 1975 1350 2040; x_wconf 73' lang='lat' dir='ltr'>ita⁸²</span> 
     </span>
     <span class='ocr_line' id='line_1_16' title="bbox 203 2077 1352 2167; baseline 0.003 -26"><span class='ocrx_word' id='word_1_123' title='bbox 203 2079 408 2159; x_wconf 87' lang='lat' dir='ltr'>dispositum,</span> <span class='ocrx_word' id='word_1_124' title='bbox 420 2083 453 2144; x_wconf 93' lang='lat' dir='ltr'>in</span> <span class='ocrx_word' id='word_1_125' title='bbox 469 2081 520 2144; x_wconf 90' lang='lat' dir='ltr'>his</span> <span class='ocrx_word' id='word_1_126' title='bbox 535 2092 647 2146; x_wconf 88' lang='lat' dir='ltr'>autem</span> <span class='ocrx_word' id='word_1_127' title='bbox 663 2083 759 2146; x_wconf 86' lang='lat' dir='ltr'>absit.</span> <span class='ocrx_word' id='word_1_128' title='bbox 796 2083 896 2146; x_wconf 86' lang='lat' dir='ltr'>Adeo</span> <span class='ocrx_word' id='word_1_129' title='bbox 912 2094 948 2147; x_wconf 90' lang='lat' dir='ltr'>ut</span> <span class='ocrx_word' id='word_1_130' title='bbox 964 2095 1046 2167; x_wconf 90' lang='lat' dir='ltr'>quot</span> <span class='ocrx_word' id='word_1_131' title='bbox 1062 2086 1126 2147; x_wconf 88' lang='lat' dir='ltr'>sint</span> <span class='ocrx_word' id='word_1_132' title='bbox 1142 2077 1352 2147; x_wconf 68' lang='lat' dir='ltr'>consensus83</span> 
     </span>
     <span class='ocr_line' id='line_1_17' title="bbox 201 2181 1350 2268; baseline 0.004 -26"><span class='ocrx_word' id='word_1_133' title='bbox 201 2181 234 2243; x_wconf 92' lang='lat' dir='ltr'>in</span> <span class='ocrx_word' id='word_1_134' title='bbox 260 2184 446 2264; x_wconf 83' lang='lat' dir='ltr'>corporibus</span> <span class='ocrx_word' id='word_1_135' title='bbox 468 2185 664 2264; x_wconf 91' lang='lat' dir='ltr'>inanimatis,</span> <span class='ocrx_word' id='word_1_136' title='bbox 689 2194 739 2248; x_wconf 91' lang='lat' dir='ltr'>tot</span> <span class='ocrx_word' id='word_1_137' title='bbox 764 2187 891 2268; x_wconf 88' lang='lat' dir='ltr'>possint</span> <span class='ocrx_word' id='word_1_138' title='bbox 914 2208 985 2250; x_wconf 92' lang='lat' dir='ltr'>esse</span> <span class='ocrx_word' id='word_1_139' title='bbox 1008 2209 1123 2250; x_wconf 90' lang='lat' dir='ltr'>sensus</span> <span class='ocrx_word' id='word_1_140' title='bbox 1146 2189 1179 2250; x_wconf 90' lang='lat' dir='ltr'>in</span> <span class='ocrx_word' id='word_1_141' title='bbox 1202 2185 1350 2249; x_wconf 89' lang='lat' dir='ltr'>animali·</span> 
     </span>
     <span class='ocr_line' id='line_1_18' title="bbox 203 2284 1350 2370; baseline 0.003 -24"><span class='ocrx_word' id='word_1_142' title='bbox 203 2284 272 2362; x_wconf 88' lang='lat' dir='ltr'>bus,</span> <span class='ocrx_word' id='word_1_143' title='bbox 289 2287 314 2347; x_wconf 93' lang='lat' dir='ltr'>si</span> <span class='ocrx_word' id='word_1_144' title='bbox 335 2295 442 2350; x_wconf 89' lang='lat' dir='ltr'>essent</span> <span class='ocrx_word' id='word_1_145' title='bbox 460 2287 698 2369; x_wconf 76' lang='lat' dir='ltr'>perforationes</span> <span class='ocrx_word' id='word_1_146' title='bbox 721 2288 753 2349; x_wconf 96' lang='lat' dir='ltr'>in</span> <span class='ocrx_word' id='word_1_147' title='bbox 777 2309 911 2370; x_wconf 87' lang='lat' dir='ltr'>corpore</span> <span class='ocrx_word' id='word_1_148' title='bbox 933 2291 1083 2354; x_wconf 89' lang='lat' dir='ltr'>animato</span> <span class='ocrx_word' id='word_1_149' title='bbox 1102 2292 1144 2353; x_wconf 89' lang='lat' dir='ltr'>ad</span> <span class='ocrx_word' id='word_1_150' title='bbox 1168 2291 1350 2352; x_wconf 90' lang='lat' dir='ltr'>discursum</span> 
     </span>
     <span class='ocr_line' id='line_1_19' title="bbox 201 2389 1351 2474; baseline 0.003 -25"><span class='ocrx_word' id='word_1_151' title='bbox 201 2389 335 2470; x_wconf 88' lang='lat' dir='ltr'>spiritus</span> <span class='ocrx_word' id='word_1_152' title='bbox 361 2389 513 2454; x_wconf 89' lang='lat' dir='ltr'>animalis</span> <span class='ocrx_word' id='word_1_153' title='bbox 543 2393 575 2454; x_wconf 95' lang='lat' dir='ltr'>in</span> <span class='ocrx_word' id='word_1_154' title='bbox 607 2392 792 2454; x_wconf 88' lang='lat' dir='ltr'>membrum</span> <span class='ocrx_word' id='word_1_155' title='bbox 821 2393 881 2455; x_wconf 90' lang='lat' dir='ltr'>rite</span> <span class='ocrx_word' id='word_1_156' title='bbox 905 2394 1111 2474; x_wconf 90' lang='lat' dir='ltr'>dispositum,</span> <span class='ocrx_word' id='word_1_157' title='bbox 1135 2405 1294 2474; x_wconf 89' lang='lat' dir='ltr'>tanquam</span> <span class='ocrx_word' id='word_1_158' title='bbox 1318 2393 1351 2452; x_wconf 94' lang='lat' dir='ltr'>in</span> 
     </span>
     <span class='ocr_line' id='line_1_20' title="bbox 202 2495 1350 2578; baseline 0 -22"><span class='ocrx_word' id='word_1_159' title='bbox 202 2513 362 2574; x_wconf 88' lang='lat' dir='ltr'>organum</span> <span class='ocrx_word' id='word_1_160' title='bbox 379 2495 544 2558; x_wconf 90' lang='lat' dir='ltr'>idoneum.</span> <span class='ocrx_word' id='word_1_161' title='bbox 589 2495 635 2558; x_wconf 91' lang='lat' dir='ltr'>Et</span> <span class='ocrx_word' id='word_1_162' title='bbox 650 2516 767 2574; x_wconf 71' lang='lat' dir='ltr'>rursus</span> <span class='ocrx_word' id='word_1_163' title='bbox 784 2504 866 2578; x_wconf 94' lang='lat' dir='ltr'>quot</span> <span class='ocrx_word' id='word_1_164' title='bbox 885 2497 949 2559; x_wconf 91' lang='lat' dir='ltr'>sint</span> <span class='ocrx_word' id='word_1_165' title='bbox 965 2517 1080 2560; x_wconf 89' lang='lat' dir='ltr'>sensus</span> <span class='ocrx_word' id='word_1_166' title='bbox 1095 2499 1128 2560; x_wconf 94' lang='lat' dir='ltr'>in</span> <span class='ocrx_word' id='word_1_167' title='bbox 1144 2496 1350 2567; x_wconf 86' lang='lat' dir='ltr'>animalibus,</span> 
     </span>
    </p>
   </div>
   <div class='ocr_carea' id='block_1_5' title="bbox 201 2597 1351 3202">
    <p class='ocr_par' dir='ltr' id='par_1_6' title="bbox 201 2597 1351 3202">
     <span class='ocr_line' id='line_1_21' title="bbox 201 2597 1351 2682; baseline -0.002 -22"><span class='ocrx_word' id='word_1_168' title='bbox 201 2607 252 2660; x_wconf 91' lang='lat' dir='ltr'>tot</span> <span class='ocrx_word' id='word_1_169' title='bbox 273 2599 339 2660; x_wconf 87' lang='lat' dir='ltr'>sint</span> <span class='ocrx_word' id='word_1_170' title='bbox 357 2597 573 2679; x_wconf 87' lang='lat' dir='ltr'>proculdubio</span> <span class='ocrx_word' id='word_1_171' title='bbox 594 2609 704 2662; x_wconf 90' lang='lat' dir='ltr'>motus</span> <span class='ocrx_word' id='word_1_172' title='bbox 727 2601 760 2662; x_wconf 94' lang='lat' dir='ltr'>in</span> <span class='ocrx_word' id='word_1_173' title='bbox 783 2619 920 2682; x_wconf 92' lang='lat' dir='ltr'>corpore</span> <span class='ocrx_word' id='word_1_174' title='bbox 941 2601 1121 2663; x_wconf 89' lang='lat' dir='ltr'>inanimato</span> <span class='ocrx_word' id='word_1_175' title='bbox 1139 2599 1194 2662; x_wconf 90' lang='lat' dir='ltr'>ubi</span> <span class='ocrx_word' id='word_1_176' title='bbox 1218 2599 1351 2681; x_wconf 89' lang='lat' dir='ltr'>spiritus</span> 
     </span>
     <span class='ocr_line' id='line_1_22' title="bbox 202 2699 1349 2785; baseline -0.001 -22"><span class='ocrx_word' id='word_1_177' title='bbox 202 2701 354 2764; x_wconf 85' lang='lat' dir='ltr'>animalis</span> <span class='ocrx_word' id='word_1_178' title='bbox 372 2699 531 2778; x_wconf 81' lang='lat' dir='ltr'>abluerit3</span> <span class='ocrx_word' id='word_1_179' title='bbox 556 2702 631 2766; x_wconf 91' lang='lat' dir='ltr'>licet</span> <span class='ocrx_word' id='word_1_180' title='bbox 647 2721 781 2766; x_wconf 86' lang='lat' dir='ltr'>necesse</span> <span class='ocrx_word' id='word_1_181' title='bbox 800 2703 841 2766; x_wconf 91' lang='lat' dir='ltr'>sit</span> <span class='ocrx_word' id='word_1_182' title='bbox 860 2702 964 2766; x_wconf 93' lang='lat' dir='ltr'>multo</span> <span class='ocrx_word' id='word_1_183' title='bbox 980 2703 1088 2785; x_wconf 89' lang='lat' dir='ltr'>plures</span> <span class='ocrx_word' id='word_1_184' title='bbox 1104 2723 1175 2766; x_wconf 85' lang='lat' dir='ltr'>esse</span> <span class='ocrx_word' id='word_1_185' title='bbox 1192 2712 1301 2765; x_wconf 87' lang='lat' dir='ltr'>motus</span> <span class='ocrx_word' id='word_1_186' title='bbox 1316 2703 1349 2763; x_wconf 93' lang='lat' dir='ltr'>in</span> 
     </span>
     <span class='ocr_line' id='line_1_23' title="bbox 203 2805 1350 2889; baseline -0.001 -21"><span class='ocrx_word' id='word_1_187' title='bbox 203 2805 392 2886; x_wconf 91' lang='lat' dir='ltr'>corporibus</span> <span class='ocrx_word' id='word_1_188' title='bbox 408 2805 596 2869; x_wconf 90' lang='lat' dir='ltr'>inanimatis</span> <span class='ocrx_word' id='word_1_189' title='bbox 611 2827 711 2888; x_wconf 90' lang='lat' dir='ltr'>quam</span> <span class='ocrx_word' id='word_1_190' title='bbox 728 2824 843 2869; x_wconf 88' lang='lat' dir='ltr'>sensus</span> <span class='ocrx_word' id='word_1_191' title='bbox 858 2807 891 2868; x_wconf 92' lang='lat' dir='ltr'>in</span> <span class='ocrx_word' id='word_1_192' title='bbox 907 2808 1070 2885; x_wconf 86' lang='lat' dir='ltr'>animatis,</span> <span class='ocrx_word' id='word_1_193' title='bbox 1086 2814 1221 2889; x_wconf 91' lang='lat' dir='ltr'>propter</span> <span class='ocrx_word' id='word_1_194' title='bbox 1239 2807 1350 2888; x_wconf 87' lang='lat' dir='ltr'>pauci·</span> 
     </span>
     <span class='ocr_line' id='line_1_24' title="bbox 202 2909 1349 2992; baseline 0.002 -22"><span class='ocrx_word' id='word_1_195' title='bbox 202 2917 306 2971; x_wconf 84' lang='lat' dir='ltr'>tatem</span> <span class='ocrx_word' id='word_1_196' title='bbox 327 2929 526 2990; x_wconf 84' lang='lat' dir='ltr'>organorum</span> <span class='ocrx_word' id='word_1_197' title='bbox 545 2929 667 2974; x_wconf 91' lang='lat' dir='ltr'>sensus.</span> <span class='ocrx_word' id='word_1_198' title='bbox 712 2911 828 2992; x_wconf 88' lang='lat' dir='ltr'>Atque</span> <span class='ocrx_word' id='word_1_199' title='bbox 842 2909 939 2992; x_wconf 84' lang='lat' dir='ltr'>hujus</span> <span class='ocrx_word' id='word_1_200' title='bbox 962 2912 1007 2974; x_wconf 90' lang='lat' dir='ltr'>rei</span> <span class='ocrx_word' id='word_1_201' title='bbox 1024 2912 1170 2974; x_wconf 86' lang='lat' dir='ltr'>ostendit</span> <span class='ocrx_word' id='word_1_202' title='bbox 1185 2931 1220 2973; x_wconf 89' lang='lat' dir='ltr'>se</span> <span class='ocrx_word' id='word_1_203' title='bbox 1236 2929 1349 2973; x_wconf 90' lang='lat' dir='ltr'>exem·</span> 
     </span>
     <span class='ocr_line' id='line_1_25' title="bbox 203 3013 1350 3097; baseline 0.001 -23"><span class='ocrx_word' id='word_1_204' title='bbox 203 3013 294 3094; x_wconf 93' lang='lat' dir='ltr'>plum</span> <span class='ocrx_word' id='word_1_205' title='bbox 324 3013 421 3077; x_wconf 90' lang='lat' dir='ltr'>valde</span> <span class='ocrx_word' id='word_1_206' title='bbox 451 3013 661 3078; x_wconf 81' lang='lat' dir='ltr'>manifestum</span> <span class='ocrx_word' id='word_1_207' title='bbox 692 3015 724 3078; x_wconf 95' lang='lat' dir='ltr'>in</span> <span class='ocrx_word' id='word_1_208' title='bbox 754 3015 930 3078; x_wconf 93' lang='lat' dir='ltr'>doloribus.</span> <span class='ocrx_word' id='word_1_209' title='bbox 986 3015 1121 3079; x_wconf 90' lang='lat' dir='ltr'>Etenim</span> <span class='ocrx_word' id='word_1_210' title='bbox 1151 3035 1254 3097; x_wconf 92' lang='lat' dir='ltr'>quum</span> <span class='ocrx_word' id='word_1_211' title='bbox 1285 3015 1350 3076; x_wconf 92' lang='lat' dir='ltr'>sint</span> 
     </span>
     <span class='ocr_line' id='line_1_26' title="bbox 201 3117 1349 3202; baseline 0.001 -23"><span class='ocrx_word' id='word_1_212' title='bbox 201 3117 297 3197; x_wconf 91' lang='lat' dir='ltr'>plura</span> <span class='ocrx_word' id='word_1_213' title='bbox 322 3137 444 3199; x_wconf 88' lang='lat' dir='ltr'>genera</span> <span class='ocrx_word' id='word_1_214' title='bbox 474 3117 597 3181; x_wconf 89' lang='lat' dir='ltr'>doloris</span> <span class='ocrx_word' id='word_1_215' title='bbox 623 3119 656 3181; x_wconf 95' lang='lat' dir='ltr'>in</span> <span class='ocrx_word' id='word_1_216' title='bbox 681 3119 886 3198; x_wconf 89' lang='lat' dir='ltr'>animalibus,</span> <span class='ocrx_word' id='word_1_217' title='bbox 912 3129 946 3182; x_wconf 89' lang='lat' dir='ltr'>et</span> <span class='ocrx_word' id='word_1_218' title='bbox 972 3129 1132 3202; x_wconf 88' lang='lat' dir='ltr'>tanquam</span> <span class='ocrx_word' id='word_1_219' title='bbox 1157 3121 1237 3184; x_wconf 92' lang='lat' dir='ltr'>varii</span> <span class='ocrx_word' id='word_1_220' title='bbox 1264 3117 1349 3181; x_wconf 88' lang='lat' dir='ltr'>illius</span> 
     </span>
    </p>
   </div>
   <div class='ocr_carea' id='block_1_6' title="bbox 192 3327 1350 4652">
    <p class='ocr_par' dir='ltr' id='par_1_7' title="bbox 199 3327 1349 3484">
     <span class='ocr_line' id='line_1_27' title="bbox 235 3327 1349 3402; baseline 0 -19"><span class='ocrx_word' id='word_1_221' title='bbox 235 3327 258 3360; x_wconf 72' lang='lat'>⁸⁰</span> <span class='ocrx_word' id='word_1_222' title='bbox 275 3329 345 3384; x_wconf 87' lang='lat' dir='ltr'>This</span> <span class='ocrx_word' id='word_1_223' title='bbox 364 3331 386 3384; x_wconf 89' lang='lat' dir='ltr'>is</span> <span class='ocrx_word' id='word_1_224' title='bbox 404 3331 500 3400; x_wconf 83' lang='lat' dir='ltr'>hardly</span> <span class='ocrx_word' id='word_1_225' title='bbox 517 3331 565 3384; x_wconf 89' lang='lat' dir='ltr'>the</span> <span class='ocrx_word' id='word_1_226' title='bbox 583 3347 655 3385; x_wconf 86' lang='lat' dir='ltr'>case.</span> <span class='ocrx_word' id='word_1_227' title='bbox 691 3331 814 3401; x_wconf 81' lang='lat' dir='ltr'>Analogy</span> <span class='ocrx_word' id='word_1_228' title='bbox 833 3331 880 3384; x_wconf 85' lang='lat' dir='ltr'>has</span> <span class='ocrx_word' id='word_1_229' title='bbox 899 3333 996 3401; x_wconf 87' lang='lat' dir='ltr'>played</span> <span class='ocrx_word' id='word_1_230' title='bbox 1016 3349 1050 3386; x_wconf 89' lang='lat' dir='ltr'>an</span> <span class='ocrx_word' id='word_1_231' title='bbox 1068 3332 1218 3402; x_wconf 85' lang='lat' dir='ltr'>important</span> <span class='ocrx_word' id='word_1_232' title='bbox 1238 3338 1300 3400; x_wconf 87' lang='lat' dir='ltr'>part</span> <span class='ocrx_word' id='word_1_233' title='bbox 1322 3331 1349 3384; x_wconf 91' lang='lat' dir='ltr'>in</span> 
     </span>
     <span class='ocr_line' id='line_1_28' title="bbox 199 3414 1294 3484; baseline 0.001 -17"><span class='ocrx_word' id='word_1_234' title='bbox 199 3415 355 3481; x_wconf 80' lang='lat' dir='ltr'>suggesting</span> <span class='ocrx_word' id='word_1_235' title='bbox 366 3414 415 3467; x_wconf 89' lang='lat' dir='ltr'>the</span> <span class='ocrx_word' id='word_1_236' title='bbox 428 3415 493 3468; x_wconf 87' lang='lat' dir='ltr'>laws</span> <span class='ocrx_word' id='word_1_237' title='bbox 505 3415 538 3467; x_wconf 84' lang='lat' dir='ltr'>of</span> <span class='ocrx_word' id='word_1_238' title='bbox 547 3415 637 3482; x_wconf 85' lang='lat' dir='ltr'>Light‚</span> <span class='ocrx_word' id='word_1_239' title='bbox 652 3415 737 3480; x_wconf 78' lang='lat' dir='ltr'>fleat,</span> <span class='ocrx_word' id='word_1_240' title='bbox 751 3415 853 3481; x_wconf 89' lang='lat' dir='ltr'>Sound,</span> <span class='ocrx_word' id='word_1_241' title='bbox 867 3415 1037 3484; x_wconf 88' lang='lat' dir='ltr'>Electricity,</span> <span class='ocrx_word' id='word_1_242' title='bbox 1050 3417 1231 3482; x_wconf 85' lang='lat' dir='ltr'>Gravitatlon,</span> <span class='ocrx_word' id='word_1_243' title='bbox 1244 3415 1294 3468; x_wconf 76' lang='lat' dir='ltr'>&amp;c</span> 
     </span>
    </p>

    <p class='ocr_par' dir='ltr' id='par_1_8' title="bbox 198 3493 1350 3898">
     <span class='ocr_line' id='line_1_29' title="bbox 239 3493 1349 3568; baseline 0 -19"><span class='ocrx_word' id='word_1_244' title='bbox 239 3493 260 3526; x_wconf 82' lang='lat'>⁸¹</span> <span class='ocrx_word' id='word_1_245' title='bbox 278 3497 329 3550; x_wconf 84' lang='lat' dir='ltr'>See</span> <span class='ocrx_word' id='word_1_246' title='bbox 354 3503 420 3550; x_wconf 92' lang='lat' dir='ltr'>note</span> <span class='ocrx_word' id='word_1_247' title='bbox 444 3513 481 3550; x_wconf 92' lang='lat' dir='ltr'>on</span> <span class='ocrx_word' id='word_1_248' title='bbox 505 3498 629 3566; x_wconf 81' lang='lat' dir='ltr'>‘spiritus</span> <span class='ocrx_word' id='word_1_249' title='bbox 654 3499 828 3552; x_wconf 89' lang='lat' dir='ltr'>animalium&#39;</span> <span class='ocrx_word' id='word_1_250' title='bbox 853 3499 879 3551; x_wconf 92' lang='lat' dir='ltr'>in</span> <span class='ocrx_word' id='word_1_251' title='bbox 905 3501 975 3568; x_wconf 89' lang='lat' dir='ltr'>Aph.</span> <span class='ocrx_word' id='word_1_252' title='bbox 1004 3517 1044 3565; x_wconf 88' lang='lat'>¹3·</span> <span class='ocrx_word' id='word_1_253' title='bbox 1066 3501 1134 3554; x_wconf 90' lang='lat' dir='ltr'>lnst.</span> <span class='ocrx_word' id='word_1_254' title='bbox 1160 3505 1201 3564; x_wconf 84' lang='lat'>38,</span> <span class='ocrx_word' id='word_1_255' title='bbox 1223 3497 1276 3550; x_wconf 91' lang='lat' dir='ltr'>and</span> <span class='ocrx_word' id='word_1_256' title='bbox 1301 3497 1349 3550; x_wconf 89' lang='lat' dir='ltr'>the</span> 
     </span>
     <span class='ocr_line' id='line_1_30' title="bbox 198 3578 1347 3652; baseline -0.001 -21"><span class='ocrx_word' id='word_1_257' title='bbox 198 3593 308 3646; x_wconf 74' lang='lat' dir='ltr'>passage</span> <span class='ocrx_word' id='word_1_258' title='bbox 328 3580 354 3632; x_wconf 92' lang='lat' dir='ltr'>in</span> <span class='ocrx_word' id='word_1_259' title='bbox 373 3580 421 3633; x_wconf 83' lang='lat' dir='ltr'>the</span> <span class='ocrx_word' id='word_1_260' title='bbox 441 3581 565 3634; x_wconf 88' lang='lat' dir='ltr'>Historia</span> <span class='ocrx_word' id='word_1_261' title='bbox 584 3583 664 3635; x_wconf 88' lang='lat' dir='ltr'>Vitae</span> <span class='ocrx_word' id='word_1_262' title='bbox 683 3591 712 3635; x_wconf 87' lang='lat' dir='ltr'>et</span> <span class='ocrx_word' id='word_1_263' title='bbox 732 3583 834 3636; x_wconf 87' lang='lat' dir='ltr'>Mortis</span> <span class='ocrx_word' id='word_1_264' title='bbox 853 3583 897 3652; x_wconf 87' lang='lat' dir='ltr'>(E.</span> <span class='ocrx_word' id='word_1_265' title='bbox 913 3585 967 3636; x_wconf 88' lang='lat' dir='ltr'>and</span> <span class='ocrx_word' id='word_1_266' title='bbox 986 3586 1020 3650; x_wconf 75' lang='lat' dir='ltr'>S,</span> <span class='ocrx_word' id='word_1_267' title='bbox 1039 3585 1090 3637; x_wconf 89' lang='lat' dir='ltr'>vol.</span> <span class='ocrx_word' id='word_1_268' title='bbox 1105 3584 1130 3637; x_wconf 90' lang='lat' dir='ltr'>il.</span> <span class='ocrx_word' id='word_1_269' title='bbox 1147 3599 1192 3650; x_wconf 89' lang='lat' dir='ltr'>pp.</span> <span class='ocrx_word' id='word_1_270' title='bbox 1210 3599 1269 3646; x_wconf 78' lang='lat'>214,</span> <span class='ocrx_word' id='word_1_271' title='bbox 1285 3578 1347 3648; x_wconf 83' lang='lat'>215)</span> 
     </span>
     <span class='ocr_line' id='line_1_31' title="bbox 198 3661 1348 3734; baseline 0.002 -22"><span class='ocrx_word' id='word_1_272' title='bbox 198 3661 277 3714; x_wconf 88' lang='lat' dir='ltr'>there</span> <span class='ocrx_word' id='word_1_273' title='bbox 290 3662 412 3716; x_wconf 78' lang='lat' dir='ltr'>referred</span> <span class='ocrx_word' id='word_1_274' title='bbox 425 3669 464 3718; x_wconf 88' lang='lat' dir='ltr'>to.</span> <span class='ocrx_word' id='word_1_275' title='bbox 503 3665 535 3717; x_wconf 93' lang='lat' dir='ltr'>ln</span> <span class='ocrx_word' id='word_1_276' title='bbox 553 3665 601 3717; x_wconf 89' lang='lat' dir='ltr'>the</span> <span class='ocrx_word' id='word_1_277' title='bbox 617 3666 699 3718; x_wconf 88' lang='lat' dir='ltr'>latter</span> <span class='ocrx_word' id='word_1_278' title='bbox 715 3681 835 3734; x_wconf 86' lang='lat' dir='ltr'>passage,</span> <span class='ocrx_word' id='word_1_279' title='bbox 849 3666 943 3718; x_wconf 88' lang='lat' dir='ltr'>Bacon</span> <span class='ocrx_word' id='word_1_280' title='bbox 956 3666 1147 3732; x_wconf 87' lang='lat' dir='ltr'>distinguishes</span> <span class='ocrx_word' id='word_1_281' title='bbox 1162 3665 1287 3716; x_wconf 85' lang='lat' dir='ltr'>between</span> <span class='ocrx_word' id='word_1_282' title='bbox 1300 3662 1348 3714; x_wconf 90' lang='lat' dir='ltr'>the</span> 
     </span>
     <span class='ocr_line' id='line_1_32' title="bbox 199 3743 1350 3818; baseline 0.002 -24"><span class='ocrx_word' id='word_1_283' title='bbox 199 3743 325 3813; x_wconf 88' lang='lat' dir='ltr'>‘spiritus</span> <span class='ocrx_word' id='word_1_284' title='bbox 349 3748 514 3814; x_wconf 86' lang='lat' dir='ltr'>mortuales,’</span> <span class='ocrx_word' id='word_1_285' title='bbox 541 3748 594 3801; x_wconf 91' lang='lat' dir='ltr'>and</span> <span class='ocrx_word' id='word_1_286' title='bbox 618 3749 666 3802; x_wconf 84' lang='lat' dir='ltr'>the</span> <span class='ocrx_word' id='word_1_287' title='bbox 691 3749 816 3816; x_wconf 89' lang='lat' dir='ltr'>‘spiritus</span> <span class='ocrx_word' id='word_1_288' title='bbox 844 3749 948 3802; x_wconf 85' lang='lat' dir='ltr'>vitalls&#39;</span> <span class='ocrx_word' id='word_1_289' title='bbox 974 3749 1018 3818; x_wconf 86' lang='lat' dir='ltr'>(or</span> <span class='ocrx_word' id='word_1_290' title='bbox 1042 3747 1187 3816; x_wconf 83' lang='lat' dir='ltr'>animatus)</span> <span class='ocrx_word' id='word_1_291' title='bbox 1213 3743 1302 3798; x_wconf 84' lang='lat' dir='ltr'>which</span> <span class='ocrx_word' id='word_1_292' title='bbox 1327 3747 1350 3797; x_wconf 81' lang='lat' dir='ltr'>&#39;ts</span> 
     </span>
     <span class='ocr_line' id='line_1_33' title="bbox 198 3829 760 3898; baseline 0.009 -19"><span class='ocrx_word' id='word_1_293' title='bbox 198 3829 402 3896; x_wconf 88' lang='lat' dir='ltr'>‘superadded’</span> <span class='ocrx_word' id='word_1_294' title='bbox 416 3832 442 3884; x_wconf 91' lang='lat' dir='ltr'>in</span> <span class='ocrx_word' id='word_1_295' title='bbox 456 3833 490 3884; x_wconf 90' lang='lat' dir='ltr'>all</span> <span class='ocrx_word' id='word_1_296' title='bbox 504 3831 643 3885; x_wconf 87' lang='lat' dir='ltr'>animated</span> <span class='ocrx_word' id='word_1_297' title='bbox 655 3832 760 3898; x_wconf 87' lang='lat' dir='ltr'>beings.</span> 
     </span>
    </p>

    <p class='ocr_par' dir='ltr' id='par_1_9' title="bbox 195 3911 1349 4135">
     <span class='ocr_line' id='line_1_34' title="bbox 233 3911 1349 3982; baseline 0.002 -20"><span class='ocrx_word' id='word_1_298' title='bbox 233 3911 265 3963; x_wconf 93' lang='lat' dir='ltr'>ln</span> <span class='ocrx_word' id='word_1_299' title='bbox 284 3913 312 3965; x_wconf 85' lang='lat' dir='ltr'>ii.</span> <span class='ocrx_word' id='word_1_300' title='bbox 335 3931 369 3978; x_wconf 84' lang='lat'>40</span> <span class='ocrx_word' id='word_1_301' title='bbox 388 3914 467 3968; x_wconf 87' lang='lat' dir='ltr'>there</span> <span class='ocrx_word' id='word_1_302' title='bbox 485 3931 532 3968; x_wconf 88' lang='lat' dir='ltr'>are</span> <span class='ocrx_word' id='word_1_303' title='bbox 550 3931 627 3967; x_wconf 88' lang='lat' dir='ltr'>some</span> <span class='ocrx_word' id='word_1_304' title='bbox 646 3914 798 3982; x_wconf 87' lang='lat' dir='ltr'>extremely</span> <span class='ocrx_word' id='word_1_305' title='bbox 820 3913 930 3966; x_wconf 90' lang='lat' dir='ltr'>curious</span> <span class='ocrx_word' id='word_1_306' title='bbox 949 3912 1131 3980; x_wconf 87' lang='lat' dir='ltr'>speculations</span> <span class='ocrx_word' id='word_1_307' title='bbox 1151 3928 1187 3964; x_wconf 96' lang='lat' dir='ltr'>on</span> <span class='ocrx_word' id='word_1_308' title='bbox 1208 3911 1297 3964; x_wconf 88' lang='lat' dir='ltr'>‘actio</span> <span class='ocrx_word' id='word_1_309' title='bbox 1319 3921 1349 3964; x_wconf 88' lang='lat' dir='ltr'>et</span> 
     </span>
     <span class='ocr_line' id='line_1_35' title="bbox 196 3994 1348 4067; baseline -0.001 -22"><span class='ocrx_word' id='word_1_310' title='bbox 196 4001 287 4047; x_wconf 89' lang='lat' dir='ltr'>motus</span> <span class='ocrx_word' id='word_1_311' title='bbox 305 3996 423 4064; x_wconf 86' lang='lat' dir='ltr'>spiritus,</span> <span class='ocrx_word' id='word_1_312' title='bbox 443 3997 491 4067; x_wconf 91' lang='lat' dir='ltr'>qui</span> <span class='ocrx_word' id='word_1_313' title='bbox 509 3997 656 4050; x_wconf 90' lang='lat' dir='ltr'>includitur</span> <span class='ocrx_word' id='word_1_314' title='bbox 674 3996 701 4048; x_wconf 90' lang='lat' dir='ltr'>in</span> <span class='ocrx_word' id='word_1_315' title='bbox 721 3996 880 4064; x_wconf 88' lang='lat' dir='ltr'>corporibus</span> <span class='ocrx_word' id='word_1_316' title='bbox 898 3995 1090 4061; x_wconf 86' lang='lat' dir='ltr'>tangibilibus.&#39;</span> <span class='ocrx_word' id='word_1_317' title='bbox 1128 3995 1179 4062; x_wconf 91' lang='lat' dir='ltr'>Cp.</span> <span class='ocrx_word' id='word_1_318' title='bbox 1196 3995 1254 4047; x_wconf 87' lang='lat' dir='ltr'>also</span> <span class='ocrx_word' id='word_1_319' title='bbox 1272 3994 1289 4046; x_wconf 90' lang='lat' dir='ltr'>i.</span> <span class='ocrx_word' id='word_1_320' title='bbox 1305 4011 1348 4060; x_wconf 84' lang='lat'>50,</span> 
     </span>
     <span class='ocr_line' id='line_1_36' title="bbox 195 4077 399 4135; baseline 0.025 -6"><span class='ocrx_word' id='word_1_321' title='bbox 195 4077 262 4130; x_wconf 75' lang='lat' dir='ltr'>with</span> <span class='ocrx_word' id='word_1_322' title='bbox 275 4085 341 4131; x_wconf 90' lang='lat' dir='ltr'>note</span> <span class='ocrx_word' id='word_1_323' title='bbox 356 4085 399 4135; x_wconf 78' lang='lat'>82.</span> 
     </span>
    </p>

    <p class='ocr_par' dir='ltr' id='par_1_10' title="bbox 192 4157 1348 4397">
     <span class='ocr_line' id='line_1_37' title="bbox 230 4157 1348 4232; baseline 0 -20"><span class='ocrx_word' id='word_1_324' title='bbox 230 4157 251 4189; x_wconf 74' lang='lat'>‘²</span> <span class='ocrx_word' id='word_1_325' title='bbox 270 4159 327 4214; x_wconf 89' lang='lat' dir='ltr'>Mr.</span> <span class='ocrx_word' id='word_1_326' title='bbox 350 4162 464 4216; x_wconf 89' lang='lat' dir='ltr'>Kitchin</span> <span class='ocrx_word' id='word_1_327' title='bbox 491 4177 621 4232; x_wconf 84' lang='lat' dir='ltr'>proposes</span> <span class='ocrx_word' id='word_1_328' title='bbox 650 4161 674 4231; x_wconf 89' lang='lat'>(1</span> <span class='ocrx_word' id='word_1_329' title='bbox 701 4161 780 4214; x_wconf 84' lang='lat' dir='ltr'>thinlr</span> <span class='ocrx_word' id='word_1_330' title='bbox 808 4159 971 4230; x_wconf 84' lang='lat' dir='ltr'>needlessly)</span> <span class='ocrx_word' id='word_1_331' title='bbox 1000 4165 1032 4213; x_wconf 90' lang='lat' dir='ltr'>to</span> <span class='ocrx_word' id='word_1_332' title='bbox 1058 4161 1125 4214; x_wconf 86' lang='lat' dir='ltr'>read</span> <span class='ocrx_word' id='word_1_333' title='bbox 1151 4161 1240 4214; x_wconf 76' lang='lat' dir='ltr'>‘rite’</span> <span class='ocrx_word' id='word_1_334' title='bbox 1285 4159 1348 4212; x_wconf 87' lang='lat' dir='ltr'>‘lta</span> 
     </span>
     <span class='ocr_line' id='line_1_38' title="bbox 192 4241 1345 4314; baseline 0 -19"><span class='ocrx_word' id='word_1_335' title='bbox 192 4243 372 4312; x_wconf 84' lang='lat' dir='ltr'>dispositum&#39;</span> <span class='ocrx_word' id='word_1_336' title='bbox 397 4259 492 4300; x_wconf 86' lang='lat' dir='ltr'>means</span> <span class='ocrx_word' id='word_1_337' title='bbox 516 4247 564 4299; x_wconf 86' lang='lat' dir='ltr'>‘so</span> <span class='ocrx_word' id='word_1_338' title='bbox 588 4244 715 4314; x_wconf 89' lang='lat' dir='ltr'>disposed</span> <span class='ocrx_word' id='word_1_339' title='bbox 738 4261 768 4298; x_wconf 84' lang='lat' dir='ltr'>as</span> <span class='ocrx_word' id='word_1_340' title='bbox 792 4250 823 4298; x_wconf 92' lang='lat' dir='ltr'>to</span> <span class='ocrx_word' id='word_1_341' title='bbox 851 4243 958 4298; x_wconf 83' lang='lat' dir='ltr'>receive</span> <span class='ocrx_word' id='word_1_342' title='bbox 983 4244 1175 4312; x_wconf 85' lang='lat' dir='ltr'>impressions‚’</span> <span class='ocrx_word' id='word_1_343' title='bbox 1201 4241 1345 4312; x_wconf 87' lang='lat' dir='ltr'>‘disposed</span> 
     </span>
     <span class='ocr_line' id='line_1_39' title="bbox 195 4327 387 4397; baseline 0.01 -19"><span class='ocrx_word' id='word_1_344' title='bbox 195 4327 387 4397; x_wconf 69' lang='lat' dir='ltr'>accordingly!</span> 
     </span>
    </p>

    <p class='ocr_par' dir='ltr' id='par_1_11' title="bbox 195 4409 1348 4652">
     <span class='ocr_line' id='line_1_40' title="bbox 232 4409 1347 4481; baseline -0.001 -18"><span class='ocrx_word' id='word_1_345' title='bbox 232 4409 252 4440; x_wconf 77' lang='lat'>⁸³</span> <span class='ocrx_word' id='word_1_346' title='bbox 271 4412 316 4464; x_wconf 90' lang='lat' dir='ltr'>On</span> <span class='ocrx_word' id='word_1_347' title='bbox 330 4412 530 4481; x_wconf 83' lang='lat' dir='ltr'>‘operationes</span> <span class='ocrx_word' id='word_1_348' title='bbox 545 4427 594 4480; x_wconf 91' lang='lat' dir='ltr'>per</span> <span class='ocrx_word' id='word_1_349' title='bbox 605 4427 758 4466; x_wconf 88' lang='lat' dir='ltr'>consensus</span> <span class='ocrx_word' id='word_1_350' title='bbox 773 4418 820 4466; x_wconf 87' lang='lat' dir='ltr'>aut</span> <span class='ocrx_word' id='word_1_351' title='bbox 837 4411 913 4478; x_wconf 83' lang='lat' dir='ltr'>sugas</span> <span class='ocrx_word' id='word_1_352' title='bbox 926 4410 983 4481; x_wconf 90' lang='lat' dir='ltr'>(qui</span> <span class='ocrx_word' id='word_1_353' title='bbox 1001 4417 1094 4464; x_wconf 84' lang='lat' dir='ltr'>sextus</span> <span class='ocrx_word' id='word_1_354' title='bbox 1106 4409 1205 4463; x_wconf 89' lang='lat' dir='ltr'>modus</span> <span class='ocrx_word' id='word_1_355' title='bbox 1217 4409 1347 4478; x_wconf 88' lang='lat' dir='ltr'>operandi</span> 
     </span>
     <span class='ocr_line' id='line_1_41' title="bbox 195 4493 1348 4567; baseline 0.002 -21"><span class='ocrx_word' id='word_1_356' title='bbox 195 4493 272 4561; x_wconf 84' lang='lat' dir='ltr'>est),&#39;</span> <span class='ocrx_word' id='word_1_357' title='bbox 286 4511 332 4548; x_wconf 89' lang='lat' dir='ltr'>see</span> <span class='ocrx_word' id='word_1_358' title='bbox 346 4497 372 4550; x_wconf 88' lang='lat' dir='ltr'>ii.</span> <span class='ocrx_word' id='word_1_359' title='bbox 386 4514 429 4563; x_wconf 83' lang='lat'>50.</span> <span class='ocrx_word' id='word_1_360' title='bbox 470 4498 521 4567; x_wconf 91' lang='lat' dir='ltr'>Cp.</span> <span class='ocrx_word' id='word_1_361' title='bbox 535 4498 591 4550; x_wconf 88' lang='lat' dir='ltr'>also</span> <span class='ocrx_word' id='word_1_362' title='bbox 604 4498 720 4550; x_wconf 79' lang='lat' dir='ltr'>‘Aditus</span> <span class='ocrx_word' id='word_1_363' title='bbox 732 4497 766 4550; x_wconf 86' lang='lat' dir='ltr'>ad</span> <span class='ocrx_word' id='word_1_364' title='bbox 781 4497 933 4550; x_wconf 84' lang='lat' dir='ltr'>Historiam</span> <span class='ocrx_word' id='word_1_365' title='bbox 946 4496 1118 4566; x_wconf 77' lang='lat' dir='ltr'>sympathiae</span> <span class='ocrx_word' id='word_1_366' title='bbox 1132 4501 1160 4549; x_wconf 89' lang='lat' dir='ltr'>et</span> <span class='ocrx_word' id='word_1_367' title='bbox 1175 4495 1348 4566; x_wconf 81' lang='lat' dir='ltr'>Antipathiae</span> 
     </span>
     <span class='ocr_line' id='line_1_42' title="bbox 201 4575 1208 4652; baseline 0.007 -22"><span class='ocrx_word' id='word_1_368' title='bbox 201 4575 321 4631; x_wconf 87' lang='lat' dir='ltr'>Rerum’</span> <span class='ocrx_word' id='word_1_369' title='bbox 336 4579 382 4651; x_wconf 88' lang='lat' dir='ltr'>(E.</span> <span class='ocrx_word' id='word_1_370' title='bbox 394 4579 448 4635; x_wconf 90' lang='lat' dir='ltr'>and</span> <span class='ocrx_word' id='word_1_371' title='bbox 462 4581 497 4650; x_wconf 81' lang='lat' dir='ltr'>S,</span> <span class='ocrx_word' id='word_1_372' title='bbox 511 4581 563 4635; x_wconf 91' lang='lat' dir='ltr'>vol.</span> <span class='ocrx_word' id='word_1_373' title='bbox 576 4581 602 4636; x_wconf 89' lang='lat' dir='ltr'>ii.</span> <span class='ocrx_word' id='word_1_374' title='bbox 614 4597 641 4652; x_wconf 90' lang='lat' dir='ltr'>p.</span> <span class='ocrx_word' id='word_1_375' title='bbox 656 4579 712 4650; x_wconf 86' lang='lat'>81),</span> <span class='ocrx_word' id='word_1_376' title='bbox 726 4581 805 4650; x_wconf 83' lang='lat' dir='ltr'>Sylva</span> <span class='ocrx_word' id='word_1_377' title='bbox 818 4581 966 4652; x_wconf 83' lang='lat' dir='ltr'>sylvarum,</span> <span class='ocrx_word' id='word_1_378' title='bbox 980 4581 1062 4652; x_wconf 86' lang='lat' dir='ltr'>Exps.</span> <span class='ocrx_word' id='word_1_379' title='bbox 1076 4585 1208 4648; x_wconf 78' lang='lat' dir='ltr'>Boo—830.</span> 
     </span>
    </p>
   </div>
   <div class='ocr_carea' id='block_1_7' title="bbox 0 0 1658 5102">
    <p class='ocr_par' dir='ltr' id='par_1_12' title="bbox 0 0 1658 5102">
     <span class='ocr_line' id='line_1_43' title="bbox 0 0 1658 5102; baseline 0 3"><span class='ocrx_word' id='word_1_380' title='bbox 0 0 1658 5102; x_wconf 95' lang='lat' dir='ltr'> </span> 
     </span>
    </p>
   </div>
  </div>
 </body>
</html>
