<?xml version="1.0" encoding="UTF-8"?>
<!DOCTYPE html PUBLIC "-//W3C//DTD XHTML 1.0 Transitional//EN"
    "http://www.w3.org/TR/xhtml1/DTD/xhtml1-transitional.dtd">
<html xmlns="http://www.w3.org/1999/xhtml" xml:lang="en" lang="en">
 <head>
  <title>
</title>
<meta http-equiv="Content-Type" content="text/html;charset=utf-8" />
  <meta name='ocr-system' content='tesseract 3.04.00' />
  <meta name='ocr-capabilities' content='ocr_page ocr_carea ocr_par ocr_line ocrx_word'/>
</head>
<body>
  <div class='ocr_page' id='page_1' title='image "./baconsnovumorga01fowlgoog_0341.png"; bbox 0 0 3324 5110; ppageno 0'>
   <div class='ocr_carea' id='block_1_1' title="bbox 275 338 1050 423">
    <p class='ocr_par' dir='ltr' id='par_1_1' title="bbox 275 338 1050 423">
     <span class='ocr_line' id='line_1_1' title="bbox 275 338 1050 423; baseline -0.003 -21"><span class='ocrx_word' id='word_1_1' title='bbox 275 338 339 423; x_wconf 82' lang='lat'><strong>318</strong></span> <span class='ocrx_word' id='word_1_2' title='bbox 651 346 809 404; x_wconf 72' lang='lat' dir='ltr'><strong>norun</strong></span> <span class='ocrx_word' id='word_1_3' title='bbox 830 346 1050 404; x_wconf 65' lang='lat' dir='ltr'><strong>ornanum,</strong></span> 
     </span>
    </p>
   </div>
   <div class='ocr_carea' id='block_1_2' title="bbox 274 507 1438 3292">
    <p class='ocr_par' dir='ltr' id='par_1_2' title="bbox 274 507 1434 1531">
     <span class='ocr_line' id='line_1_2' title="bbox 275 507 1431 596; baseline -0.002 -20"><span class='ocrx_word' id='word_1_4' title='bbox 275 511 447 576; x_wconf 86' lang='lat' dir='ltr'><strong>delinitam</strong></span> <span class='ocrx_word' id='word_1_5' title='bbox 460 512 562 576; x_wconf 91' lang='lat' dir='ltr'><strong>instar</strong></span> <span class='ocrx_word' id='word_1_6' title='bbox 573 511 654 578; x_wconf 92' lang='lat' dir='ltr'><strong>lucis</strong></span> <span class='ocrx_word' id='word_1_7' title='bbox 665 533 756 590; x_wconf 78' lang='lat' dir='ltr'><strong>esse3</strong></span> <span class='ocrx_word' id='word_1_8' title='bbox 777 533 862 596; x_wconf 88' lang='lat' dir='ltr'><strong>quae</strong></span> <span class='ocrx_word' id='word_1_9' title='bbox 874 512 917 576; x_wconf 89' lang='lat' dir='ltr'><strong>ad</strong></span> <span class='ocrx_word' id='word_1_10' title='bbox 930 512 1081 576; x_wconf 82' lang='lat' dir='ltr'><strong>universa</strong></span> <span class='ocrx_word' id='word_1_11' title='bbox 1095 513 1232 594; x_wconf 85' lang='lat' dir='ltr'><strong>operum</strong></span> <span class='ocrx_word' id='word_1_12' title='bbox 1248 507 1431 595; x_wconf 86' lang='lat' dir='ltr'><strong>penetralia</strong></span> 
     </span>
     <span class='ocr_line' id='line_1_3' title="bbox 274 617 1432 699; baseline -0.002 -20"><span class='ocrx_word' id='word_1_13' title='bbox 274 617 403 680; x_wconf 88' lang='lat' dir='ltr'><strong>aditum</strong></span> <span class='ocrx_word' id='word_1_14' title='bbox 413 617 558 699; x_wconf 84' lang='lat' dir='ltr'><strong>praebet,</strong></span> <span class='ocrx_word' id='word_1_15' title='bbox 568 627 750 698; x_wconf 89' lang='lat' dir='ltr'><strong>atquetota</strong></span> <span class='ocrx_word' id='word_1_16' title='bbox 759 617 892 699; x_wconf 84' lang='lat' dir='ltr'><strong>agmina</strong></span> <span class='ocrx_word' id='word_1_17' title='bbox 900 617 1432 698; x_wconf 82' lang='lat' dir='ltr'><strong>operumetturmas,etaxioma·</strong></span> 
     </span>
     <span class='ocr_line' id='line_1_4' title="bbox 275 720 1431 803; baseline -0.003 -19"><span class='ocrx_word' id='word_1_18' title='bbox 275 731 348 784; x_wconf 88' lang='lat' dir='ltr'><strong>tum</strong></span> <span class='ocrx_word' id='word_1_19' title='bbox 364 721 644 785; x_wconf 89' lang='lat' dir='ltr'><strong>nobilissimorum</strong></span> <span class='ocrx_word' id='word_1_20' title='bbox 659 720 776 797; x_wconf 74' lang='lat' dir='ltr'><strong>lomes,</strong></span> <span class='ocrx_word' id='word_1_21' title='bbox 791 729 957 803; x_wconf 86' lang='lat' dir='ltr'><strong>potestate</strong></span> <span class='ocrx_word' id='word_1_22' title='bbox 977 720 1123 802; x_wconf 89' lang='lat' dir='ltr'><strong>quadam</strong></span> <span class='ocrx_word' id='word_1_23' title='bbox 1146 720 1376 802; x_wconf 84' lang='lat' dir='ltr'><strong>complectitur</strong></span> <span class='ocrx_word' id='word_1_24' title='bbox 1395 727 1431 780; x_wconf 92' lang='lat' dir='ltr'><strong>et</strong></span> 
     </span>
     <span class='ocr_line' id='line_1_5' title="bbox 276 822 1434 908; baseline -0.003 -20"><span class='ocrx_word' id='word_1_25' title='bbox 276 835 353 908; x_wconf 89' lang='lat' dir='ltr'><strong>post</strong></span> <span class='ocrx_word' id='word_1_26' title='bbox 369 845 405 888; x_wconf 91' lang='lat' dir='ltr'><strong>se</strong></span> <span class='ocrx_word' id='word_1_27' title='bbox 419 825 540 903; x_wconf 88' lang='lat' dir='ltr'><strong>trahit;</strong></span> <span class='ocrx_word' id='word_1_28' title='bbox 571 825 605 888; x_wconf 90' lang='lat' dir='ltr'><strong>in</strong></span> <span class='ocrx_word' id='word_1_29' title='bbox 619 847 656 889; x_wconf 90' lang='lat' dir='ltr'><strong>se</strong></span> <span class='ocrx_word' id='word_1_30' title='bbox 671 834 784 888; x_wconf 90' lang='lat' dir='ltr'><strong>tamen</strong></span> <span class='ocrx_word' id='word_1_31' title='bbox 800 827 928 888; x_wconf 89' lang='lat' dir='ltr'><strong>nonita</strong></span> <span class='ocrx_word' id='word_1_32' title='bbox 949 825 1061 907; x_wconf 87' lang='lat' dir='ltr'><strong>magni</strong></span> <span class='ocrx_word' id='word_1_33' title='bbox 1079 845 1157 888; x_wconf 86' lang='lat' dir='ltr'><strong>usus</strong></span> <span class='ocrx_word' id='word_1_34' title='bbox 1176 833 1237 888; x_wconf 85' lang='lat' dir='ltr'><strong>est.</strong></span> <span class='ocrx_word' id='word_1_35' title='bbox 1281 822 1370 906; x_wconf 88' lang='lat' dir='ltr'><strong>Quin</strong></span> <span class='ocrx_word' id='word_1_36' title='bbox 1394 829 1434 885; x_wconf 89' lang='lat' dir='ltr'><strong>et</strong></span> 
     </span>
     <span class='ocr_line' id='line_1_6' title="bbox 276 925 1430 1011; baseline -0.003 -19"><span class='ocrx_word' id='word_1_37' title='bbox 276 929 446 992; x_wconf 86' lang='lat' dir='ltr'><strong>literarum</strong></span> <span class='ocrx_word' id='word_1_38' title='bbox 469 929 634 993; x_wconf 91' lang='lat' dir='ltr'><strong>elementa</strong></span> <span class='ocrx_word' id='word_1_39' title='bbox 659 949 776 1011; x_wconf 90' lang='lat' dir='ltr'><strong>perse</strong></span> <span class='ocrx_word' id='word_1_40' title='bbox 799 939 832 992; x_wconf 88' lang='lat' dir='ltr'><strong>et</strong></span> <span class='ocrx_word' id='word_1_41' title='bbox 854 930 1034 1010; x_wconf 89' lang='lat' dir='ltr'><strong>separatim</strong></span> <span class='ocrx_word' id='word_1_42' title='bbox 1056 928 1136 992; x_wconf 89' lang='lat' dir='ltr'><strong>nihil</strong></span> <span class='ocrx_word' id='word_1_43' title='bbox 1159 925 1345 1010; x_wconf 86' lang='lat' dir='ltr'><strong>significant</strong></span> <span class='ocrx_word' id='word_1_44' title='bbox 1367 945 1430 988; x_wconf 89' lang='lat' dir='ltr'><strong>nec</strong></span> 
     </span>
     <span class='ocr_line' id='line_1_7' title="bbox 276 1030 1432 1113; baseline -0.003 -17"><span class='ocrx_word' id='word_1_45' title='bbox 276 1032 414 1113; x_wconf 91' lang='lat' dir='ltr'><strong>alicujus</strong></span> <span class='ocrx_word' id='word_1_46' title='bbox 440 1055 518 1098; x_wconf 91' lang='lat' dir='ltr'><strong>usus</strong></span> <span class='ocrx_word' id='word_1_47' title='bbox 544 1034 714 1110; x_wconf 75' lang='lat' dir='ltr'><strong>suntsed</strong></span> <span class='ocrx_word' id='word_1_48' title='bbox 738 1043 852 1096; x_wconf 88' lang='lat' dir='ltr'><strong>tamen</strong></span> <span class='ocrx_word' id='word_1_49' title='bbox 877 1035 920 1096; x_wconf 88' lang='lat' dir='ltr'><strong>ad</strong></span> <span class='ocrx_word' id='word_1_50' title='bbox 947 1033 1056 1095; x_wconf 86' lang='lat' dir='ltr'><strong>omnis</strong></span> <span class='ocrx_word' id='word_1_51' title='bbox 1079 1031 1240 1095; x_wconf 85' lang='lat' dir='ltr'><strong>sermonis</strong></span> <span class='ocrx_word' id='word_1_52' title='bbox 1266 1030 1432 1112; x_wconf 88' lang='lat' dir='ltr'><strong>composi-</strong></span> 
     </span>
     <span class='ocr_line' id='line_1_8' title="bbox 277 1135 1429 1220; baseline -0.003 -19"><span class='ocrx_word' id='word_1_53' title='bbox 277 1139 402 1202; x_wconf 89' lang='lat' dir='ltr'><strong>tionem</strong></span> <span class='ocrx_word' id='word_1_54' title='bbox 429 1148 464 1204; x_wconf 88' lang='lat' dir='ltr'><strong>et</strong></span> <span class='ocrx_word' id='word_1_55' title='bbox 489 1147 687 1220; x_wconf 86' lang='lat' dir='ltr'><strong>apparatum</strong></span> <span class='ocrx_word' id='word_1_56' title='bbox 713 1138 815 1200; x_wconf 88' lang='lat' dir='ltr'><strong>instar</strong></span> <span class='ocrx_word' id='word_1_57' title='bbox 838 1138 995 1200; x_wconf 87' lang='lat' dir='ltr'><strong>materiae</strong></span> <span class='ocrx_word' id='word_1_58' title='bbox 1020 1137 1146 1220; x_wconf 86' lang='lat' dir='ltr'><strong>primae</strong></span> <span class='ocrx_word' id='word_1_59' title='bbox 1171 1146 1259 1200; x_wconf 88' lang='lat' dir='ltr'><strong>sunt.</strong></span> <span class='ocrx_word' id='word_1_60' title='bbox 1315 1135 1429 1198; x_wconf 87' lang='lat' dir='ltr'><strong>Etiam</strong></span> 
     </span>
     <span class='ocr_line' id='line_1_9' title="bbox 278 1236 1434 1327; baseline -0.004 -22"><span class='ocrx_word' id='word_1_61' title='bbox 278 1242 406 1305; x_wconf 88' lang='lat' dir='ltr'><strong>semina</strong></span> <span class='ocrx_word' id='word_1_62' title='bbox 432 1262 540 1305; x_wconf 89' lang='lat' dir='ltr'><strong>rerum</strong></span> <span class='ocrx_word' id='word_1_63' title='bbox 567 1250 735 1324; x_wconf 83' lang='lat' dir='ltr'><strong>potestate</strong></span> <span class='ocrx_word' id='word_1_64' title='bbox 762 1240 881 1318; x_wconf 80' lang='lat' dir='ltr'><strong>valida,</strong></span> <span class='ocrx_word' id='word_1_65' title='bbox 910 1262 971 1304; x_wconf 91' lang='lat' dir='ltr'><strong>usu</strong></span> <span class='ocrx_word' id='word_1_66' title='bbox 1002 1238 1078 1327; x_wconf 87' lang='lat' dir='ltr'><strong>(nisi</strong></span> <span class='ocrx_word' id='word_1_67' title='bbox 1108 1241 1141 1302; x_wconf 92' lang='lat' dir='ltr'><strong>in</strong></span> <span class='ocrx_word' id='word_1_68' title='bbox 1172 1261 1324 1324; x_wconf 89' lang='lat' dir='ltr'><strong>processu</strong></span> <span class='ocrx_word' id='word_1_69' title='bbox 1353 1236 1434 1324; x_wconf 83' lang='lat' dir='ltr'><strong>suo)</strong></span> 
     </span>
     <span class='ocr_line' id='line_1_10' title="bbox 278 1344 1430 1428; baseline -0.004 -18"><span class='ocrx_word' id='word_1_70' title='bbox 278 1345 373 1410; x_wconf 84' lang='lat' dir='ltr'><strong>nihili</strong></span> <span class='ocrx_word' id='word_1_71' title='bbox 400 1355 488 1410; x_wconf 83' lang='lat' dir='ltr'><strong>sunt.</strong></span> <span class='ocrx_word' id='word_1_72' title='bbox 543 1344 659 1426; x_wconf 87' lang='lat' dir='ltr'><strong>Atque</strong></span> <span class='ocrx_word' id='word_1_73' title='bbox 685 1344 768 1408; x_wconf 89' lang='lat' dir='ltr'><strong>lucis</strong></span> <span class='ocrx_word' id='word_1_74' title='bbox 793 1345 895 1427; x_wconf 90' lang='lat' dir='ltr'><strong>ipsius</strong></span> <span class='ocrx_word' id='word_1_75' title='bbox 921 1345 1002 1409; x_wconf 87' lang='lat' dir='ltr'><strong>radii</strong></span> <span class='ocrx_word' id='word_1_76' title='bbox 1031 1345 1178 1428; x_wconf 88' lang='lat' dir='ltr'><strong>dispersi,</strong></span> <span class='ocrx_word' id='word_1_77' title='bbox 1209 1344 1273 1407; x_wconf 89' lang='lat' dir='ltr'><strong>nisi</strong></span> <span class='ocrx_word' id='word_1_78' title='bbox 1301 1351 1430 1420; x_wconf 88' lang='lat' dir='ltr'><strong>coeant,</strong></span> 
     </span>
     <span class='ocr_line' id='line_1_11' title="bbox 278 1449 926 1531; baseline 0 -19"><span class='ocrx_word' id='word_1_79' title='bbox 278 1449 475 1513; x_wconf 89' lang='lat' dir='ltr'><strong>beneficium</strong></span> <span class='ocrx_word' id='word_1_80' title='bbox 491 1469 587 1512; x_wconf 89' lang='lat' dir='ltr'><strong>suum</strong></span> <span class='ocrx_word' id='word_1_81' title='bbox 603 1469 669 1512; x_wconf 91' lang='lat' dir='ltr'><strong>non</strong></span> <span class='ocrx_word' id='word_1_82' title='bbox 685 1449 926 1531; x_wconf 86' lang='lat' dir='ltr'><strong>impertiuntur.</strong></span> 
     </span>
    </p>

    <p class='ocr_par' dir='ltr' id='par_1_3' title="bbox 278 1551 1438 3292">
     <span class='ocr_line' id='line_1_12' title="bbox 322 1551 1432 1636; baseline -0.002 -20"><span class='ocrx_word' id='word_1_83' title='bbox 322 1553 424 1636; x_wconf 85' lang='lat' dir='ltr'><strong>Quod</strong></span> <span class='ocrx_word' id='word_1_84' title='bbox 446 1553 473 1616; x_wconf 92' lang='lat' dir='ltr'><strong>si</strong></span> <span class='ocrx_word' id='word_1_85' title='bbox 492 1553 566 1634; x_wconf 89' lang='lat' dir='ltr'><strong>quis</strong></span> <span class='ocrx_word' id='word_1_86' title='bbox 585 1552 822 1616; x_wconf 77' lang='lat' dir='ltr'><strong>subtilitatibus</strong></span> <span class='ocrx_word' id='word_1_87' title='bbox 843 1551 1052 1634; x_wconf 81' lang='lat' dir='ltr'><strong>speculativis</strong></span> <span class='ocrx_word' id='word_1_88' title='bbox 1075 1551 1269 1628; x_wconf 84' lang='lat' dir='ltr'><strong>offendatur,</strong></span> <span class='ocrx_word' id='word_1_89' title='bbox 1284 1551 1364 1634; x_wconf 92' lang='lat' dir='ltr'><strong>quid</strong></span> <span class='ocrx_word' id='word_1_90' title='bbox 1387 1551 1432 1614; x_wconf 90' lang='lat' dir='ltr'><strong>de</strong></span> 
     </span>
     <span class='ocr_line' id='line_1_13' title="bbox 278 1656 1431 1738; baseline -0.003 -18"><span class='ocrx_word' id='word_1_91' title='bbox 278 1656 481 1720; x_wconf 84' lang='lat' dir='ltr'><strong>scholasticis</strong></span> <span class='ocrx_word' id='word_1_92' title='bbox 504 1657 580 1719; x_wconf 87' lang='lat' dir='ltr'><strong>viris</strong></span> <span class='ocrx_word' id='word_1_93' title='bbox 603 1657 780 1720; x_wconf 87' lang='lat' dir='ltr'><strong>dicendum</strong></span> <span class='ocrx_word' id='word_1_94' title='bbox 801 1657 872 1734; x_wconf 90' lang='lat' dir='ltr'><strong>erit,</strong></span> <span class='ocrx_word' id='word_1_95' title='bbox 894 1657 951 1738; x_wconf 91' lang='lat' dir='ltr'><strong>qui</strong></span> <span class='ocrx_word' id='word_1_96' title='bbox 974 1657 1210 1720; x_wconf 87' lang='lat' dir='ltr'><strong>subtilitatibus</strong></span> <span class='ocrx_word' id='word_1_97' title='bbox 1231 1657 1431 1720; x_wconf 87' lang='lat' dir='ltr'><strong>immensum</strong></span> 
     </span>
     <span class='ocr_line' id='line_1_14' title="bbox 278 1758 1432 1841; baseline -0.003 -18"><span class='ocrx_word' id='word_1_98' title='bbox 278 1759 505 1823; x_wconf 91' lang='lat' dir='ltr'><strong>indulserunt?</strong></span> <span class='ocrx_word' id='word_1_99' title='bbox 528 1780 613 1841; x_wconf 89' lang='lat' dir='ltr'><strong>quae</strong></span> <span class='ocrx_word' id='word_1_100' title='bbox 628 1770 741 1822; x_wconf 90' lang='lat' dir='ltr'><strong>tamen</strong></span> <span class='ocrx_word' id='word_1_101' title='bbox 756 1759 955 1823; x_wconf 89' lang='lat' dir='ltr'><strong>subtilitates</strong></span> <span class='ocrx_word' id='word_1_102' title='bbox 971 1761 1003 1823; x_wconf 91' lang='lat' dir='ltr'><strong>in</strong></span> <span class='ocrx_word' id='word_1_103' title='bbox 1021 1761 1138 1837; x_wconf 91' lang='lat' dir='ltr'><strong>verbis,</strong></span> <span class='ocrx_word' id='word_1_104' title='bbox 1152 1770 1210 1822; x_wconf 93' lang='lat' dir='ltr'><strong>aut</strong></span> <span class='ocrx_word' id='word_1_105' title='bbox 1225 1759 1343 1822; x_wconf 89' lang='lat' dir='ltr'><strong>saltem</strong></span> <span class='ocrx_word' id='word_1_106' title='bbox 1357 1758 1432 1822; x_wconf 89' lang='lat' dir='ltr'><strong>vul·</strong></span> 
     </span>
     <span class='ocr_line' id='line_1_15' title="bbox 278 1858 1432 1948; baseline -0.002 -22"><span class='ocrx_word' id='word_1_107' title='bbox 278 1863 412 1945; x_wconf 85' lang='lat' dir='ltr'><strong>garibus</strong></span> <span class='ocrx_word' id='word_1_108' title='bbox 432 1863 618 1927; x_wconf 89' lang='lat' dir='ltr'><strong>notionibus</strong></span> <span class='ocrx_word' id='word_1_109' title='bbox 640 1858 744 1948; x_wconf 80' lang='lat' dir='ltr'><strong>(quod</strong></span> <span class='ocrx_word' id='word_1_110' title='bbox 766 1864 963 1926; x_wconf 88' lang='lat' dir='ltr'><strong>tantundem</strong></span> <span class='ocrx_word' id='word_1_111' title='bbox 985 1861 1096 1948; x_wconf 83' lang='lat' dir='ltr'><strong>valet),</strong></span> <span class='ocrx_word' id='word_1_112' title='bbox 1111 1884 1178 1926; x_wconf 90' lang='lat' dir='ltr'><strong>non</strong></span> <span class='ocrx_word' id='word_1_113' title='bbox 1198 1864 1231 1925; x_wconf 91' lang='lat' dir='ltr'><strong>in</strong></span> <span class='ocrx_word' id='word_1_114' title='bbox 1254 1863 1351 1926; x_wconf 92' lang='lat' dir='ltr'><strong>rebus</strong></span> <span class='ocrx_word' id='word_1_115' title='bbox 1372 1871 1432 1924; x_wconf 90' lang='lat' dir='ltr'><strong>aut</strong></span> 
     </span>
     <span class='ocr_line' id='line_1_16' title="bbox 280 1966 1432 2050; baseline -0.002 -20"><span class='ocrx_word' id='word_1_116' title='bbox 280 1977 396 2032; x_wconf 86' lang='lat' dir='ltr'><strong>natura</strong></span> <span class='ocrx_word' id='word_1_117' title='bbox 411 1976 627 2049; x_wconf 85' lang='lat' dir='ltr'><strong>consumptae</strong></span> <span class='ocrx_word' id='word_1_118' title='bbox 642 1967 782 2044; x_wconf 86' lang='lat' dir='ltr'><strong>luerunt,</strong></span> <span class='ocrx_word' id='word_1_119' title='bbox 795 1977 896 2050; x_wconf 86' lang='lat' dir='ltr'><strong>atque</strong></span> <span class='ocrx_word' id='word_1_120' title='bbox 911 1967 1062 2030; x_wconf 87' lang='lat' dir='ltr'><strong>utilitatis</strong></span> <span class='ocrx_word' id='word_1_121' title='bbox 1078 1966 1232 2050; x_wconf 69' lang='lat' dir='ltr'><strong>expertes</strong></span> <span class='ocrx_word' id='word_1_122' title='bbox 1246 1976 1348 2042; x_wconf 86' lang='lat' dir='ltr'><strong>erant,</strong></span> <span class='ocrx_word' id='word_1_123' title='bbox 1364 1985 1432 2028; x_wconf 88' lang='lat' dir='ltr'><strong>non</strong></span> 
     </span>
     <span class='ocr_line' id='line_1_17' title="bbox 279 2071 1432 2153; baseline -0.003 -18"><span class='ocrx_word' id='word_1_124' title='bbox 279 2081 411 2135; x_wconf 92' lang='lat' dir='ltr'><strong>tantum</strong></span> <span class='ocrx_word' id='word_1_125' title='bbox 427 2072 461 2134; x_wconf 92' lang='lat' dir='ltr'><strong>in</strong></span> <span class='ocrx_word' id='word_1_126' title='bbox 476 2071 679 2152; x_wconf 70' lang='lat' dir='ltr'><strong>originesed</strong></span> <span class='ocrx_word' id='word_1_127' title='bbox 696 2071 797 2134; x_wconf 85' lang='lat' dir='ltr'><strong>etiam</strong></span> <span class='ocrx_word' id='word_1_128' title='bbox 812 2072 846 2134; x_wconf 94' lang='lat' dir='ltr'><strong>in</strong></span> <span class='ocrx_word' id='word_1_129' title='bbox 861 2073 1117 2153; x_wconf 89' lang='lat' dir='ltr'><strong>consequentiis;</strong></span> <span class='ocrx_word' id='word_1_130' title='bbox 1137 2072 1222 2134; x_wconf 91' lang='lat' dir='ltr'><strong>tales</strong></span> <span class='ocrx_word' id='word_1_131' title='bbox 1237 2081 1348 2134; x_wconf 86' lang='lat' dir='ltr'><strong>autem</strong></span> <span class='ocrx_word' id='word_1_132' title='bbox 1364 2089 1432 2132; x_wconf 90' lang='lat' dir='ltr'><strong>non</strong></span> 
     </span>
     <span class='ocr_line' id='line_1_18' title="bbox 280 2174 1434 2256; baseline -0.002 -18"><span class='ocrx_word' id='word_1_133' title='bbox 280 2175 419 2252; x_wconf 81' lang='lat' dir='ltr'><strong>luerunt,</strong></span> <span class='ocrx_word' id='word_1_134' title='bbox 431 2185 467 2238; x_wconf 90' lang='lat' dir='ltr'><strong>ut</strong></span> <span class='ocrx_word' id='word_1_135' title='bbox 482 2175 643 2238; x_wconf 86' lang='lat' dir='ltr'><strong>habereut</strong></span> <span class='ocrx_word' id='word_1_136' title='bbox 658 2175 691 2238; x_wconf 87' lang='lat' dir='ltr'><strong>in</strong></span> <span class='ocrx_word' id='word_1_137' title='bbox 706 2195 861 2256; x_wconf 88' lang='lat' dir='ltr'><strong>praesens</strong></span> <span class='ocrx_word' id='word_1_138' title='bbox 870 2176 1048 2240; x_wconf 89' lang='lat' dir='ltr'><strong>utilitatem</strong></span> <span class='ocrx_word' id='word_1_139' title='bbox 1065 2174 1198 2251; x_wconf 89' lang='lat' dir='ltr'><strong>nullam,</strong></span> <span class='ocrx_word' id='word_1_140' title='bbox 1208 2175 1268 2237; x_wconf 90' lang='lat' dir='ltr'><strong>sed</strong></span> <span class='ocrx_word' id='word_1_141' title='bbox 1284 2193 1343 2256; x_wconf 89' lang='lat' dir='ltr'><strong>per</strong></span> <span class='ocrx_word' id='word_1_142' title='bbox 1355 2193 1434 2237; x_wconf 87' lang='lat' dir='ltr'><strong>con-</strong></span> 
     </span>
     <span class='ocr_line' id='line_1_19' title="bbox 280 2275 1433 2360; baseline -0.002 -18"><span class='ocrx_word' id='word_1_143' title='bbox 280 2299 420 2360; x_wconf 89' lang='lat' dir='ltr'><strong>sequens</strong></span> <span class='ocrx_word' id='word_1_144' title='bbox 436 2278 617 2356; x_wconf 86' lang='lat' dir='ltr'><strong>infinitam3</strong></span> <span class='ocrx_word' id='word_1_145' title='bbox 648 2278 762 2359; x_wconf 90' lang='lat' dir='ltr'><strong>quales</strong></span> <span class='ocrx_word' id='word_1_146' title='bbox 776 2289 854 2342; x_wconf 89' lang='lat' dir='ltr'><strong>sunt</strong></span> <span class='ocrx_word' id='word_1_147' title='bbox 868 2299 925 2342; x_wconf 79' lang='lat' dir='ltr'><strong>eae</strong></span> <span class='ocrx_word' id='word_1_148' title='bbox 941 2280 983 2342; x_wconf 92' lang='lat' dir='ltr'><strong>de</strong></span> <span class='ocrx_word' id='word_1_149' title='bbox 1001 2279 1119 2360; x_wconf 91' lang='lat' dir='ltr'><strong>quibus</strong></span> <span class='ocrx_word' id='word_1_150' title='bbox 1134 2278 1308 2360; x_wconf 87' lang='lat' dir='ltr'><strong>loquimur.</strong></span> <span class='ocrx_word' id='word_1_151' title='bbox 1355 2275 1433 2340; x_wconf 90' lang='lat' dir='ltr'><strong>Hoc</strong></span> 
     </span>
     <span class='ocr_line' id='line_1_20' title="bbox 279 2382 1437 2463; baseline -0.003 -17"><span class='ocrx_word' id='word_1_152' title='bbox 279 2403 357 2446; x_wconf 89' lang='lat' dir='ltr'><strong>vero</strong></span> <span class='ocrx_word' id='word_1_153' title='bbox 372 2383 479 2446; x_wconf 89' lang='lat' dir='ltr'><strong>sciant</strong></span> <span class='ocrx_word' id='word_1_154' title='bbox 494 2382 645 2444; x_wconf 90' lang='lat' dir='ltr'><strong>homines</strong></span> <span class='ocrx_word' id='word_1_155' title='bbox 659 2402 718 2463; x_wconf 88' lang='lat' dir='ltr'><strong>pro</strong></span> <span class='ocrx_word' id='word_1_156' title='bbox 733 2392 832 2456; x_wconf 83' lang='lat' dir='ltr'><strong>certo,</strong></span> <span class='ocrx_word' id='word_1_157' title='bbox 849 2403 984 2446; x_wconf 91' lang='lat' dir='ltr'><strong>omnem</strong></span> <span class='ocrx_word' id='word_1_158' title='bbox 999 2382 1218 2445; x_wconf 84' lang='lat' dir='ltr'><strong>subtilitatem</strong></span> <span class='ocrx_word' id='word_1_159' title='bbox 1234 2382 1437 2463; x_wconf 86' lang='lat' dir='ltr'><strong>disputatio-</strong></span> 
     </span>
     <span class='ocr_line' id='line_1_21' title="bbox 281 2487 1434 2567; baseline -0.001 -18"><span class='ocrx_word' id='word_1_160' title='bbox 281 2507 361 2549; x_wconf 88' lang='lat' dir='ltr'><strong>num</strong></span> <span class='ocrx_word' id='word_1_161' title='bbox 376 2496 410 2550; x_wconf 90' lang='lat' dir='ltr'><strong>et</strong></span> <span class='ocrx_word' id='word_1_162' title='bbox 419 2487 625 2550; x_wconf 89' lang='lat' dir='ltr'><strong>discursuum</strong></span> <span class='ocrx_word' id='word_1_163' title='bbox 637 2487 766 2563; x_wconf 88' lang='lat' dir='ltr'><strong>mentis,</strong></span> <span class='ocrx_word' id='word_1_164' title='bbox 780 2487 807 2549; x_wconf 91' lang='lat' dir='ltr'><strong>si</strong></span> <span class='ocrx_word' id='word_1_165' title='bbox 820 2487 1015 2550; x_wconf 80' lang='lat' dir='ltr'><strong>adhibeatur</strong></span> <span class='ocrx_word' id='word_1_166' title='bbox 1025 2496 1155 2550; x_wconf 89' lang='lat' dir='ltr'><strong>tantum</strong></span> <span class='ocrx_word' id='word_1_167' title='bbox 1169 2495 1247 2567; x_wconf 92' lang='lat' dir='ltr'><strong>post</strong></span> <span class='ocrx_word' id='word_1_168' title='bbox 1261 2487 1434 2550; x_wconf 80' lang='lat' dir='ltr'><strong>axiomata</strong></span> 
     </span>
     <span class='ocr_line' id='line_1_22' title="bbox 281 2591 1438 2675; baseline -0.002 -19"><span class='ocrx_word' id='word_1_169' title='bbox 281 2595 424 2670; x_wconf 87' lang='lat' dir='ltr'><strong>inventa,</strong></span> <span class='ocrx_word' id='word_1_170' title='bbox 447 2613 554 2656; x_wconf 87' lang='lat' dir='ltr'><strong>seram</strong></span> <span class='ocrx_word' id='word_1_171' title='bbox 577 2613 650 2656; x_wconf 90' lang='lat' dir='ltr'><strong>esse</strong></span> <span class='ocrx_word' id='word_1_172' title='bbox 672 2602 706 2655; x_wconf 88' lang='lat' dir='ltr'><strong>et</strong></span> <span class='ocrx_word' id='word_1_173' title='bbox 726 2603 993 2675; x_wconf 85' lang='lat' dir='ltr'><strong>praeposteram3</strong></span> <span class='ocrx_word' id='word_1_174' title='bbox 1024 2603 1057 2656; x_wconf 94' lang='lat' dir='ltr'><strong>et</strong></span> <span class='ocrx_word' id='word_1_175' title='bbox 1084 2591 1274 2656; x_wconf 85' lang='lat' dir='ltr'><strong>subtilitatis</strong></span> <span class='ocrx_word' id='word_1_176' title='bbox 1299 2600 1438 2673; x_wconf 88' lang='lat' dir='ltr'><strong>tempus</strong></span> 
     </span>
     <span class='ocr_line' id='line_1_23' title="bbox 281 2695 1436 2778; baseline 0 -20"><span class='ocrx_word' id='word_1_177' title='bbox 281 2716 395 2758; x_wconf 91' lang='lat' dir='ltr'><strong>verum</strong></span> <span class='ocrx_word' id='word_1_178' title='bbox 405 2716 444 2759; x_wconf 89' lang='lat' dir='ltr'><strong>ac</strong></span> <span class='ocrx_word' id='word_1_179' title='bbox 453 2696 631 2777; x_wconf 91' lang='lat' dir='ltr'><strong>proprium,</strong></span> <span class='ocrx_word' id='word_1_180' title='bbox 640 2704 697 2759; x_wconf 87' lang='lat' dir='ltr'><strong>aut</strong></span> <span class='ocrx_word' id='word_1_181' title='bbox 707 2695 825 2759; x_wconf 89' lang='lat' dir='ltr'><strong>saltem</strong></span> <span class='ocrx_word' id='word_1_182' title='bbox 836 2696 1181 2778; x_wconf 78' lang='lat' dir='ltr'><strong>praecipuumversari</strong></span> <span class='ocrx_word' id='word_1_183' title='bbox 1191 2697 1224 2759; x_wconf 92' lang='lat' dir='ltr'><strong>in</strong></span> <span class='ocrx_word' id='word_1_184' title='bbox 1235 2695 1436 2778; x_wconf 86' lang='lat' dir='ltr'><strong>pensitanda</strong></span> 
     </span>
     <span class='ocr_line' id='line_1_24' title="bbox 282 2799 1434 2880; baseline 0 -18"><span class='ocrx_word' id='word_1_185' title='bbox 282 2800 487 2880; x_wconf 86' lang='lat' dir='ltr'><strong>experientia</strong></span> <span class='ocrx_word' id='word_1_186' title='bbox 502 2809 535 2863; x_wconf 91' lang='lat' dir='ltr'><strong>et</strong></span> <span class='ocrx_word' id='word_1_187' title='bbox 552 2799 628 2863; x_wconf 86' lang='lat' dir='ltr'><strong>inde</strong></span> <span class='ocrx_word' id='word_1_188' title='bbox 644 2800 883 2864; x_wconf 90' lang='lat' dir='ltr'><strong>constituendis</strong></span> <span class='ocrx_word' id='word_1_189' title='bbox 898 2800 1140 2864; x_wconf 84' lang='lat' dir='ltr'><strong>axiomatibus:</strong></span> <span class='ocrx_word' id='word_1_190' title='bbox 1166 2820 1241 2863; x_wconf 87' lang='lat' dir='ltr'><strong>nam</strong></span> <span class='ocrx_word' id='word_1_191' title='bbox 1258 2800 1313 2863; x_wconf 93' lang='lat' dir='ltr'><strong>illa</strong></span> <span class='ocrx_word' id='word_1_192' title='bbox 1327 2800 1434 2864; x_wconf 85' lang='lat' dir='ltr'><strong>altera</strong></span> 
     </span>
     <span class='ocr_line' id='line_1_25' title="bbox 282 2903 1436 2986; baseline 0.001 -21"><span class='ocrx_word' id='word_1_193' title='bbox 282 2903 447 2965; x_wconf 90' lang='lat' dir='ltr'><strong>subtilitas</strong></span> <span class='ocrx_word' id='word_1_194' title='bbox 463 2911 612 2965; x_wconf 88' lang='lat' dir='ltr'><strong>naturam</strong></span> <span class='ocrx_word' id='word_1_195' title='bbox 628 2912 762 2984; x_wconf 88' lang='lat' dir='ltr'><strong>prensat</strong></span> <span class='ocrx_word' id='word_1_196' title='bbox 776 2913 810 2966; x_wconf 91' lang='lat' dir='ltr'><strong>et</strong></span> <span class='ocrx_word' id='word_1_197' title='bbox 825 2912 946 2984; x_wconf 89' lang='lat' dir='ltr'><strong>captat,</strong></span> <span class='ocrx_word' id='word_1_198' title='bbox 958 2905 1016 2967; x_wconf 92' lang='lat' dir='ltr'><strong>sed</strong></span> <span class='ocrx_word' id='word_1_199' title='bbox 1032 2924 1200 2985; x_wconf 90' lang='lat' dir='ltr'><strong>nunquam</strong></span> <span class='ocrx_word' id='word_1_200' title='bbox 1215 2903 1436 2986; x_wconf 89' lang='lat' dir='ltr'><strong>apprehendit</strong></span> 
     </span>
     <span class='ocr_line' id='line_1_26' title="bbox 281 3004 1435 3089; baseline 0.002 -21"><span class='ocrx_word' id='word_1_201' title='bbox 281 3013 341 3068; x_wconf 81' lang='lat' dir='ltr'><strong>aut</strong></span> <span class='ocrx_word' id='word_1_202' title='bbox 361 3004 490 3086; x_wconf 84' lang='lat' dir='ltr'><strong>capit⁴¹.</strong></span> <span class='ocrx_word' id='word_1_203' title='bbox 535 3005 581 3068; x_wconf 90' lang='lat' dir='ltr'><strong>Et</strong></span> <span class='ocrx_word' id='word_1_204' title='bbox 600 3006 806 3070; x_wconf 90' lang='lat' dir='ltr'><strong>verissimum</strong></span> <span class='ocrx_word' id='word_1_205' title='bbox 824 3016 912 3070; x_wconf 90' lang='lat' dir='ltr'><strong>certe</strong></span> <span class='ocrx_word' id='word_1_206' title='bbox 931 3017 982 3070; x_wconf 91' lang='lat' dir='ltr'><strong>est</strong></span> <span class='ocrx_word' id='word_1_207' title='bbox 1003 3009 1093 3089; x_wconf 90' lang='lat' dir='ltr'><strong>quod</strong></span> <span class='ocrx_word' id='word_1_208' title='bbox 1116 3009 1158 3072; x_wconf 91' lang='lat' dir='ltr'><strong>de</strong></span> <span class='ocrx_word' id='word_1_209' title='bbox 1176 3009 1349 3072; x_wconf 87' lang='lat' dir='ltr'><strong>occasione</strong></span> <span class='ocrx_word' id='word_1_210' title='bbox 1365 3007 1435 3071; x_wconf 86' lang='lat' dir='ltr'><strong>sive</strong></span> 
     </span>
     <span class='ocr_line' id='line_1_27' title="bbox 282 3108 1438 3190; baseline 0.003 -20"><span class='ocrx_word' id='word_1_211' title='bbox 282 3108 414 3171; x_wconf 81' lang='lat' dir='ltr'><strong>fortuna</strong></span> <span class='ocrx_word' id='word_1_212' title='bbox 429 3109 493 3171; x_wconf 89' lang='lat' dir='ltr'><strong>dici</strong></span> <span class='ocrx_word' id='word_1_213' title='bbox 509 3109 602 3180; x_wconf 86' lang='lat' dir='ltr'><strong>solet,</strong></span> <span class='ocrx_word' id='word_1_214' title='bbox 619 3109 647 3172; x_wconf 92' lang='lat' dir='ltr'><strong>si</strong></span> <span class='ocrx_word' id='word_1_215' title='bbox 662 3108 876 3173; x_wconf 86' lang='lat' dir='ltr'><strong>transferatur</strong></span> <span class='ocrx_word' id='word_1_216' title='bbox 890 3110 933 3173; x_wconf 89' lang='lat' dir='ltr'><strong>ad</strong></span> <span class='ocrx_word' id='word_1_217' title='bbox 950 3121 1120 3175; x_wconf 89' lang='lat' dir='ltr'><strong>naturam:</strong></span> <span class='ocrx_word' id='word_1_218' title='bbox 1150 3113 1312 3190; x_wconf 85' lang='lat' dir='ltr'><strong>videlicet,</strong></span> <span class='ocrx_word' id='word_1_219' title='bbox 1326 3131 1398 3174; x_wconf 80' lang='lat' dir='ltr'><strong>eam</strong></span> <span class='ocrx_word' id='word_1_220' title='bbox 1413 3131 1438 3173; x_wconf 82' lang='lat' dir='ltr'><strong>a</strong></span> 
     </span>
     <span class='ocr_line' id='line_1_28' title="bbox 280 3211 1045 3292; baseline 0.007 -20"><span class='ocrx_word' id='word_1_221' title='bbox 280 3211 392 3290; x_wconf 69' lang='lat' dir='ltr'><strong>fronte</strong></span> <span class='ocrx_word' id='word_1_222' title='bbox 405 3220 572 3288; x_wconf 78' lang='lat' dir='ltr'><strong>comatam,</strong></span> <span class='ocrx_word' id='word_1_223' title='bbox 588 3211 629 3274; x_wconf 81' lang='lat' dir='ltr'><strong>ab</strong></span> <span class='ocrx_word' id='word_1_224' title='bbox 643 3213 784 3292; x_wconf 82' lang='lat' dir='ltr'><strong>occipitio</strong></span> <span class='ocrx_word' id='word_1_225' title='bbox 797 3212 924 3275; x_wconf 85' lang='lat' dir='ltr'><strong>calvam</strong></span> <span class='ocrx_word' id='word_1_226' title='bbox 938 3233 1005 3276; x_wconf 76' lang='lat' dir='ltr'><strong>esse</strong></span> <span class='ocrx_word' id='word_1_227' title='bbox 1010 3212 1045 3278; x_wconf 83' lang='lat'><strong>⁴².</strong></span> 
     </span>
    </p>
   </div>
   <div class='ocr_carea' id='block_1_3' title="bbox 283 3429 1438 4514">
    <p class='ocr_par' dir='ltr' id='par_1_4' title="bbox 283 3429 1438 4514">
     <span class='ocr_line' id='line_1_29' title="bbox 283 3429 1437 3504; baseline 0.006 -22"><span class='ocrx_word' id='word_1_228' title='bbox 283 3429 407 3484; x_wconf 73' lang='lat' dir='ltr'><strong>naturas&#39;</strong></span> <span class='ocrx_word' id='word_1_229' title='bbox 419 3445 492 3483; x_wconf 84' lang='lat' dir='ltr'><strong>were</strong></span> <span class='ocrx_word' id='word_1_230' title='bbox 505 3429 675 3497; x_wconf 82' lang='lat' dir='ltr'><strong>discovered,</strong></span> <span class='ocrx_word' id='word_1_231' title='bbox 687 3429 709 3483; x_wconf 90' lang='lat' dir='ltr'><strong>it</strong></span> <span class='ocrx_word' id='word_1_232' title='bbox 723 3431 813 3485; x_wconf 90' lang='lat' dir='ltr'><strong>would</strong></span> <span class='ocrx_word' id='word_1_233' title='bbox 825 3431 861 3484; x_wconf 80' lang='lat' dir='ltr'><strong>be</strong></span> <span class='ocrx_word' id='word_1_234' title='bbox 873 3447 945 3502; x_wconf 79' lang='lat' dir='ltr'><strong>easy,</strong></span> <span class='ocrx_word' id='word_1_235' title='bbox 958 3432 993 3485; x_wconf 82' lang='lat' dir='ltr'><strong>ha</strong></span> <span class='ocrx_word' id='word_1_236' title='bbox 1006 3434 1163 3501; x_wconf 82' lang='lat' dir='ltr'><strong>conceived,</strong></span> <span class='ocrx_word' id='word_1_237' title='bbox 1176 3434 1213 3502; x_wconf 85' lang='lat' dir='ltr'><strong>by</strong></span> <span class='ocrx_word' id='word_1_238' title='bbox 1228 3435 1364 3504; x_wconf 79' lang='lat' dir='ltr'><strong>rejecting</strong></span> <span class='ocrx_word' id='word_1_239' title='bbox 1375 3436 1437 3489; x_wconf 85' lang='lat' dir='ltr'><strong>first</strong></span> 
     </span>
     <span class='ocr_line' id='line_1_30' title="bbox 283 3513 1435 3586; baseline 0.003 -19"><span class='ocrx_word' id='word_1_240' title='bbox 283 3529 337 3567; x_wconf 90' lang='lat' dir='ltr'><strong>one</strong></span> <span class='ocrx_word' id='word_1_241' title='bbox 353 3513 408 3568; x_wconf 86' lang='lat' dir='ltr'><strong>aud</strong></span> <span class='ocrx_word' id='word_1_242' title='bbox 426 3513 493 3566; x_wconf 89' lang='lat' dir='ltr'><strong>then</strong></span> <span class='ocrx_word' id='word_1_243' title='bbox 506 3513 632 3579; x_wconf 86' lang='lat' dir='ltr'><strong>another,</strong></span> <span class='ocrx_word' id='word_1_244' title='bbox 646 3519 676 3565; x_wconf 92' lang='lat' dir='ltr'><strong>to</strong></span> <span class='ocrx_word' id='word_1_245' title='bbox 688 3517 830 3581; x_wconf 84' lang='lat' dir='ltr'><strong>ascertain,</strong></span> <span class='ocrx_word' id='word_1_246' title='bbox 843 3515 963 3582; x_wconf 85' lang='lat' dir='ltr'><strong>through</strong></span> <span class='ocrx_word' id='word_1_247' title='bbox 979 3517 1027 3570; x_wconf 91' lang='lat' dir='ltr'><strong>the</strong></span> <span class='ocrx_word' id='word_1_248' title='bbox 1043 3517 1159 3570; x_wconf 89' lang='lat' dir='ltr'><strong>method</strong></span> <span class='ocrx_word' id='word_1_249' title='bbox 1170 3517 1202 3571; x_wconf 84' lang='lat' dir='ltr'><strong>of</strong></span> <span class='ocrx_word' id='word_1_250' title='bbox 1216 3519 1373 3586; x_wconf 82' lang='lat' dir='ltr'><strong>Exclusion,</strong></span> <span class='ocrx_word' id='word_1_251' title='bbox 1385 3519 1435 3572; x_wconf 91' lang='lat' dir='ltr'><strong>tbe</strong></span> 
     </span>
     <span class='ocr_line' id='line_1_31' title="bbox 285 3595 1438 3671; baseline 0.007 -23"><span class='ocrx_word' id='word_1_252' title='bbox 285 3597 307 3648; x_wconf 85' lang='lat' dir='ltr'>F</span> <span class='ocrx_word' id='word_1_253' title='bbox 309 3613 369 3648; x_wconf 90' lang='lat' dir='ltr'><strong>orm</strong></span> <span class='ocrx_word' id='word_1_254' title='bbox 389 3614 422 3649; x_wconf 85' lang='lat' dir='ltr'><strong>or</strong></span> <span class='ocrx_word' id='word_1_255' title='bbox 442 3597 532 3650; x_wconf 84' lang='lat' dir='ltr'><strong>Cause</strong></span> <span class='ocrx_word' id='word_1_256' title='bbox 554 3595 587 3650; x_wconf 82' lang='lat' dir='ltr'><strong>of</strong></span> <span class='ocrx_word' id='word_1_257' title='bbox 604 3613 657 3665; x_wconf 86' lang='lat' dir='ltr'><strong>any</strong></span> <span class='ocrx_word' id='word_1_258' title='bbox 675 3597 753 3664; x_wconf 81' lang='lat' dir='ltr'><strong>given</strong></span> <span class='ocrx_word' id='word_1_259' title='bbox 772 3598 973 3666; x_wconf 88' lang='lat' dir='ltr'><strong>phenomenon.</strong></span> <span class='ocrx_word' id='word_1_260' title='bbox 1011 3603 1061 3654; x_wconf 88' lang='lat' dir='ltr'><strong>See</strong></span> <span class='ocrx_word' id='word_1_261' title='bbox 1082 3601 1283 3668; x_wconf 87' lang='lat' dir='ltr'><strong>Introduction,</strong></span> <span class='ocrx_word' id='word_1_262' title='bbox 1303 3605 1318 3671; x_wconf 64' lang='lat' dir='ltr'><strong>t</strong></span> <span class='ocrx_word' id='word_1_263' title='bbox 1336 3621 1362 3670; x_wconf 85' lang='lat'><strong>9,</strong></span> <span class='ocrx_word' id='word_1_264' title='bbox 1380 3603 1438 3656; x_wconf 76' lang='lat' dir='ltr'><strong>aud</strong></span> 
     </span>
     <span class='ocr_line' id='line_1_32' title="bbox 284 3678 1364 3753; baseline 0.006 -21"><span class='ocrx_word' id='word_1_265' title='bbox 284 3679 341 3734; x_wconf 89' lang='lat' dir='ltr'><strong>Mr.</strong></span> <span class='ocrx_word' id='word_1_266' title='bbox 355 3679 428 3732; x_wconf 88' lang='lat' dir='ltr'><strong>Ellis’</strong></span> <span class='ocrx_word' id='word_1_267' title='bbox 441 3681 561 3734; x_wconf 86' lang='lat' dir='ltr'><strong>General</strong></span> <span class='ocrx_word' id='word_1_268' title='bbox 574 3678 689 3732; x_wconf 84' lang='lat' dir='ltr'><strong>Preface</strong></span> <span class='ocrx_word' id='word_1_269' title='bbox 702 3687 733 3734; x_wconf 93' lang='lat' dir='ltr'><strong>to</strong></span> <span class='ocrx_word' id='word_1_270' title='bbox 746 3681 862 3735; x_wconf 86' lang='lat' dir='ltr'><strong>Bacon&#39;s</strong></span> <span class='ocrx_word' id='word_1_271' title='bbox 874 3681 1072 3750; x_wconf 90' lang='lat' dir='ltr'><strong>Philosophical</strong></span> <span class='ocrx_word' id='word_1_272' title='bbox 1085 3683 1199 3750; x_wconf 86' lang='lat' dir='ltr'><strong>Works,</strong></span> <span class='ocrx_word' id='word_1_273' title='bbox 1210 3701 1256 3753; x_wconf 89' lang='lat' dir='ltr'><strong>pp.</strong></span> <span class='ocrx_word' id='word_1_274' title='bbox 1268 3703 1364 3752; x_wconf 82' lang='lat'><strong>25-39·</strong></span> 
     </span>
     <span class='ocr_line' id='line_1_33' title="bbox 318 3761 1436 3838; baseline 0.005 -22"><span class='ocrx_word' id='word_1_275' title='bbox 318 3761 340 3793; x_wconf 83' lang='lat'><strong>⁴¹</strong></span> <span class='ocrx_word' id='word_1_276' title='bbox 361 3765 417 3817; x_wconf 87' lang='lat' dir='ltr'><strong>For</strong></span> <span class='ocrx_word' id='word_1_277' title='bbox 436 3765 458 3817; x_wconf 90' lang='lat' dir='ltr'><strong>it</strong></span> <span class='ocrx_word' id='word_1_278' title='bbox 480 3766 502 3818; x_wconf 88' lang='lat' dir='ltr'><strong>is</strong></span> <span class='ocrx_word' id='word_1_279' title='bbox 523 3765 680 3818; x_wconf 84' lang='lat' dir='ltr'><strong>‘subtilitati</strong></span> <span class='ocrx_word' id='word_1_280' title='bbox 700 3771 813 3818; x_wconf 84' lang='lat' dir='ltr'><strong>naturae</strong></span> <span class='ocrx_word' id='word_1_281' title='bbox 833 3765 913 3832; x_wconf 82' lang='lat' dir='ltr'><strong>longe</strong></span> <span class='ocrx_word' id='word_1_282' title='bbox 932 3765 1037 3835; x_wconf 67' lang='lat' dir='ltr'><strong>impar!</strong></span> <span class='ocrx_word' id='word_1_283' title='bbox 1074 3767 1236 3822; x_wconf 78' lang='lat' dir='ltr'><strong>‘Ascensum</strong></span> <span class='ocrx_word' id='word_1_284' title='bbox 1255 3769 1349 3838; x_wconf 85' lang='lat' dir='ltr'><strong>itaque</strong></span> <span class='ocrx_word' id='word_1_285' title='bbox 1368 3785 1436 3823; x_wconf 90' lang='lat' dir='ltr'><strong>con·</strong></span> 
     </span>
     <span class='ocr_line' id='line_1_34' title="bbox 283 3848 834 3916; baseline 0.004 -16"><span class='ocrx_word' id='word_1_286' title='bbox 283 3848 402 3914; x_wconf 84' lang='lat' dir='ltr'><strong>stringit,</strong></span> <span class='ocrx_word' id='word_1_287' title='bbox 415 3865 470 3900; x_wconf 89' lang='lat' dir='ltr'><strong>non</strong></span> <span class='ocrx_word' id='word_1_288' title='bbox 483 3848 544 3902; x_wconf 69' lang='lat' dir='ltr'><strong>res!</strong></span> <span class='ocrx_word' id='word_1_289' title='bbox 581 3849 631 3915; x_wconf 89' lang='lat' dir='ltr'><strong>Cp.</strong></span> <span class='ocrx_word' id='word_1_290' title='bbox 645 3849 727 3916; x_wconf 86' lang='lat' dir='ltr'><strong>Aphs.</strong></span> <span class='ocrx_word' id='word_1_291' title='bbox 741 3866 834 3914; x_wconf 90' lang='lat'><strong>10-14.</strong></span> 
     </span>
     <span class='ocr_line' id='line_1_35' title="bbox 320 3927 897 3998; baseline 0.01 -16"><span class='ocrx_word' id='word_1_292' title='bbox 320 3927 343 3961; x_wconf 82' lang='lat'><strong>⁴¹</strong></span> <span class='ocrx_word' id='word_1_293' title='bbox 361 3932 412 3984; x_wconf 88' lang='lat' dir='ltr'><strong>See</strong></span> <span class='ocrx_word' id='word_1_294' title='bbox 425 3931 573 3984; x_wconf 83' lang='lat' dir='ltr'><strong>Phaednrs’</strong></span> <span class='ocrx_word' id='word_1_295' title='bbox 588 3931 610 3982; x_wconf 87' lang='lat' dir='ltr'>F</span> <span class='ocrx_word' id='word_1_296' title='bbox 611 3930 693 3998; x_wconf 86' lang='lat' dir='ltr'><strong>ables,</strong></span> <span class='ocrx_word' id='word_1_297' title='bbox 706 3931 897 3988; x_wconf 71' lang='lat' dir='ltr'><strong>linusano:</strong></span> 
     </span>
     <span class='ocr_line' id='line_1_36' title="bbox 675 4029 955 4099; baseline 0.021 -19"><span class='ocrx_word' id='word_1_298' title='bbox 675 4029 808 4083; x_wconf 85' lang='lat' dir='ltr'><strong>‘Occasio</strong></span> <span class='ocrx_word' id='word_1_299' title='bbox 827 4030 955 4099; x_wconf 81' lang='lat' dir='ltr'><strong>Depicta.</strong></span> 
     </span>
     <span class='ocr_line' id='line_1_37' title="bbox 533 4111 1086 4182; baseline 0.007 -19"><span class='ocrx_word' id='word_1_300' title='bbox 533 4111 623 4164; x_wconf 87' lang='lat' dir='ltr'><strong>Cursu</strong></span> <span class='ocrx_word' id='word_1_301' title='bbox 638 4112 741 4166; x_wconf 82' lang='lat' dir='ltr'><strong>volucri</strong></span> <span class='ocrx_word' id='word_1_302' title='bbox 759 4114 883 4182; x_wconf 87' lang='lat' dir='ltr'><strong>pendeus</strong></span> <span class='ocrx_word' id='word_1_303' title='bbox 900 4113 928 4166; x_wconf 91' lang='lat' dir='ltr'><strong>in</strong></span> <span class='ocrx_word' id='word_1_304' title='bbox 947 4115 1086 4181; x_wconf 76' lang='lat' dir='ltr'><strong>novacula,</strong></span> 
     </span>
     <span class='ocr_line' id='line_1_38' title="bbox 533 4195 1126 4265; baseline 0.007 -18"><span class='ocrx_word' id='word_1_305' title='bbox 533 4195 641 4262; x_wconf 87' lang='lat' dir='ltr'><strong>Calvus,</strong></span> <span class='ocrx_word' id='word_1_306' title='bbox 659 4211 771 4250; x_wconf 87' lang='lat' dir='ltr'><strong>comosa</strong></span> <span class='ocrx_word' id='word_1_307' title='bbox 788 4195 889 4264; x_wconf 87' lang='lat' dir='ltr'><strong>fronte,</strong></span> <span class='ocrx_word' id='word_1_308' title='bbox 908 4198 983 4250; x_wconf 92' lang='lat' dir='ltr'><strong>nudo</strong></span> <span class='ocrx_word' id='word_1_309' title='bbox 1001 4213 1126 4265; x_wconf 86' lang='lat' dir='ltr'><strong>corpore,</strong></span> 
     </span>
     <span class='ocr_line' id='line_1_39' title="bbox 533 4279 1206 4349; baseline 0.007 -19"><span class='ocrx_word' id='word_1_310' title='bbox 533 4279 626 4349; x_wconf 82' lang='lat' dir='ltr'><strong>Qem</strong></span> <span class='ocrx_word' id='word_1_311' title='bbox 643 4281 666 4331; x_wconf 89' lang='lat' dir='ltr'><strong>si</strong></span> <span class='ocrx_word' id='word_1_312' title='bbox 684 4279 834 4348; x_wconf 78' lang='lat' dir='ltr'><strong>occuparis,</strong></span> <span class='ocrx_word' id='word_1_313' title='bbox 852 4285 965 4333; x_wconf 83' lang='lat' dir='ltr'><strong>teneas:</strong></span> <span class='ocrx_word' id='word_1_314' title='bbox 983 4280 1104 4348; x_wconf 80' lang='lat' dir='ltr'><strong>elapsum</strong></span> <span class='ocrx_word' id='word_1_315' title='bbox 1121 4281 1206 4335; x_wconf 85' lang='lat' dir='ltr'><strong>semel</strong></span> 
     </span>
     <span class='ocr_line' id='line_1_40' title="bbox 534 4359 1138 4432; baseline 0.007 -19"><span class='ocrx_word' id='word_1_316' title='bbox 534 4359 598 4415; x_wconf 89' lang='lat' dir='ltr'><strong>Non</strong></span> <span class='ocrx_word' id='word_1_317' title='bbox 617 4361 674 4431; x_wconf 86' lang='lat' dir='ltr'><strong>ipse</strong></span> <span class='ocrx_word' id='word_1_318' title='bbox 692 4363 777 4431; x_wconf 89' lang='lat' dir='ltr'><strong>possit</strong></span> <span class='ocrx_word' id='word_1_319' title='bbox 794 4363 904 4432; x_wconf 88' lang='lat' dir='ltr'><strong>Jupiter</strong></span> <span class='ocrx_word' id='word_1_320' title='bbox 920 4363 1138 4432; x_wconf 76' lang='lat' dir='ltr'><strong>reprehendere3</strong></span> 
     </span>
     <span class='ocr_line' id='line_1_41' title="bbox 534 4445 1117 4514; baseline 0.009 -17"><span class='ocrx_word' id='word_1_321' title='bbox 534 4445 716 4498; x_wconf 86' lang='lat' dir='ltr'><strong>Occasionem</strong></span> <span class='ocrx_word' id='word_1_322' title='bbox 734 4463 828 4500; x_wconf 90' lang='lat' dir='ltr'><strong>rerum</strong></span> <span class='ocrx_word' id='word_1_323' title='bbox 845 4446 978 4514; x_wconf 79' lang='lat' dir='ltr'><strong>significat</strong></span> <span class='ocrx_word' id='word_1_324' title='bbox 995 4446 1117 4502; x_wconf 84' lang='lat' dir='ltr'><strong>brevem.</strong></span> 
     </span>
    </p>
   </div>
   <div class='ocr_carea' id='block_1_4' title="bbox 0 0 1677 5110">
    <p class='ocr_par' dir='ltr' id='par_1_5' title="bbox 0 0 1677 5110">
     <span class='ocr_line' id='line_1_42' title="bbox 0 0 1677 5110; baseline 0 0"><span class='ocrx_word' id='word_1_325' title='bbox 0 0 1677 5110; x_wconf 95' lang='lat' dir='ltr'><strong> </strong></span> 
     </span>
    </p>
   </div>
  </div>
 </body>
</html>
