3308 5106
634 441 888 500 PRAEFATIO.
1278 437 1317 502 16
1318 451 1339 520 5

186 623 284 688 posse
310 605 467 684 confidat,
491 603 551 670 sed
578 603 775 670 successioni
806 604 970 683 destinet;
1005 603 1148 687 denique
1178 603 1340 684 scientias,

187 730 254 773 non
284 731 344 793 per
372 711 594 794 arrogantiam
625 711 659 773 in
688 709 826 773 humani
855 708 977 791 ingenii
1007 709 1142 788 cellulis,
1172 710 1231 774 sed
1262 711 1340 772 sub-

188 814 288 878 misse
314 813 347 877 in
374 816 499 878 mundo
527 812 652 895 majore
678 822 827 896 quaerat.
871 812 977 876 Vasta
1003 833 1081 876 vero
1103 812 1340 896 utplurimum

186 917 296 981 solent
319 937 399 996 esse,
421 937 507 1000 quae
530 917 659 982 inania:
683 915 790 980 solida
812 915 1051 980 contrahuntur
1072 916 1227 996 maxime,
1251 926 1284 980 et
1307 917 1339 981 in

185 1040 290 1103 parvo
308 1021 372 1084 sita
390 1030 476 1086 sunt.
521 1020 693 1084 Postremo
715 1019 815 1084 etiam
834 1020 1016 1102 petendum
1034 1020 1165 1084 videtur
1182 1017 1239 1104 (ne
1256 1021 1341 1086 sorte

185 1124 262 1206 quis
289 1124 337 1187 rei
362 1124 465 1206 ipsius
491 1124 636 1207 periculo
662 1124 758 1187 nobis
780 1123 910 1205 iniquus
933 1143 1004 1187 esse
1026 1121 1121 1208 veiit)
1145 1132 1182 1188 ut
1203 1125 1340 1188 videant

184 1227 347 1305 homines,
366 1237 530 1310 quatenus
553 1249 597 1291 ex
621 1248 661 1290 eo
684 1228 773 1310 quod
797 1227 891 1291 nobis
914 1247 1058 1291 asserere
1080 1247 1213 1291 necesse
1235 1230 1277 1292 sit
1298 1225 1340 1314 (si

186 1331 290 1396 modo
320 1332 415 1395 nobis
445 1331 507 1413 ipsi
537 1341 689 1395 constare
713 1327 867 1418 velimus)
890 1331 933 1394 de
956 1330 1008 1394 his
1034 1331 1155 1395 nostris
1182 1332 1339 1414 opinandi

185 1444 246 1499 aut
276 1434 476 1498 sententiam
507 1434 633 1500 ferendi
663 1434 726 1500 sibi
751 1433 807 1515 jus
837 1435 1032 1516 permissum
1065 1442 1203 1517 putent:
1237 1455 1339 1518 quum

186 1559 250 1602 nos
272 1558 406 1602 omnem
428 1539 526 1604 istam
553 1539 715 1603 rationem
741 1535 922 1602 humanam
948 1547 1201 1620 praematuram,
1224 1539 1340 1603 antici-

184 1651 334 1726 pantem,
350 1650 383 1706 et
398 1663 419 1706 a
433 1643 530 1708 rebus
547 1650 674 1706 temere
689 1651 723 1706 et
739 1641 834 1705 citius
849 1661 949 1724 quam
965 1641 1113 1724 oportuit
1128 1642 1338 1720 abstractam,

331 1742 506 1832 (quatenus
522 1746 565 1810 ad
580 1745 824 1828 inquisitionem
840 1740 990 1830 naturae)
1006 1754 1043 1809 ut
1058 1764 1128 1808 rem
1142 1766 1199 1809 va·

403 1851 485 1914 riam
500 1858 534 1914 et
548 1849 775 1932 perturbatam
790 1858 825 1913 et
841 1847 927 1911 male
942 1856 1130 1913 extructam
1143 1895 1149 1900 -

428 1952 621 2035 rejiciamus.
666 1953 786 2034 Neque
800 1950 1036 2034 postulandum
1052 1961 1103 2019 est

473 2064 511 2120 ut
530 2055 600 2137 ejus
614 2054 739 2137 judicio
753 2064 868 2130 stetur,
884 2074 969 2136 quae
987 2055 1059 2139 ipsa

585 2161 618 2224 in
630 2158 792 2244 judicium
806 2167 951 2226 vocatur.
