3306 5102
668 403 748 458 ΜΒ.
771 404 816 459 Il.
843 415 892 481 13.
1230 419 1234 426 ·
1294 397 1354 484 381

203 564 245 629 sit
271 565 368 630 simul
395 566 429 630 in
454 566 608 650 perigaeo
633 577 668 632 et
693 569 828 652 propius
854 570 897 633 ad
923 569 1202 652 perpendiculum,
1225 591 1358 636 necesse

203 676 312 733 estut
335 671 441 752 magis
462 671 634 735 calefaciat
660 693 761 754 quam
786 673 819 735 in
842 673 976 756 regione
993 673 1049 735 ubi
1072 674 1121 736 sol
1145 674 1188 737 sit
1211 675 1360 738 similiter

204 773 237 834 in
261 774 415 858 perigaeo
441 777 500 839 sed
527 775 633 858 magis
662 777 705 839 ad
732 776 913 860 obliquum.
957 776 1058 841 Adeo
1088 787 1125 841 ut
1156 780 1359 861 comparatio

205 877 417 941 exaltationis
433 879 639 961 planetarum
662 880 768 942 notari
790 881 920 956 debeat,
940 891 1038 964 prout
1062 903 1106 944 ex
1124 883 1359 964 perpendiculo

205 989 263 1043 aut
278 981 473 1063 obliquitate
490 983 672 1065 participet,
687 984 868 1047 secundum
884 985 1054 1066 regionum
1069 987 1272 1052 varietatem.

252 1081 300 1147 18.
325 1083 383 1148 Sol
400 1085 509 1164 etiam,
525 1095 558 1149 et
577 1087 725 1149 similiter
743 1087 858 1168 reliqui
880 1087 1042 1169 planetae,
1058 1088 1235 1154 calefacere
1254 1091 1360 1174 magis

205 1188 439 1252 existimantur
460 1209 535 1253 cum
559 1190 624 1254 sint
647 1190 680 1252 ln
702 1191 857 1272 proximo
883 1192 927 1254 ad
953 1193 1065 1255 stellas
1089 1192 1175 1256 fixas
1198 1194 1359 1276 majores;

203 1290 305 1354 veluti
335 1289 411 1356 cum
441 1294 490 1357 sol
520 1294 652 1376 ponitur
682 1292 715 1356 in
747 1293 869 1370 Leone,
900 1295 1005 1376 magis
1034 1296 1159 1358 vicinus
1191 1297 1228 1360 fit
1260 1298 1360 1362 Cordi

205 1393 337 1470 LeoniS,
356 1395 492 1460 Caudae
507 1397 640 1475 Leonis,
656 1406 689 1460 et
713 1396 832 1479 Spicae
853 1398 1008 1479 Virginis,
1028 1407 1062 1461 et
1086 1397 1180 1477 Sirio,
1204 1410 1236 1463 et
1262 1401 1360 1464 Cani-

205 1497 307 1574 culae,
325 1521 425 1581 quam
441 1522 516 1565 cum
532 1502 666 1584 ponitur
686 1502 719 1564 in
743 1500 880 1579 Cancro,
897 1501 953 1563 ubi
976 1510 1088 1565 tamen
1112 1503 1217 1584 magis
1237 1505 1362 1568 sistitur

161 1665 173 1693 ,
205 1603 247 1666 ad
278 1605 591 1685 perpendiculum⁴⁸.
651 1605 767 1689 Atque
805 1606 1006 1669 credendum
1044 1615 1093 1670 est
1131 1614 1241 1687 partes
1278 1609 1362 1672 coeli

208 1705 365 1787 majorem
381 1708 554 1773 infundere
569 1709 710 1774 calorem
729 1706 820 1794 (licet
839 1710 882 1773 ad
898 1719 1025 1773 tactum
1045 1710 1180 1772 minime
1198 1713 1360 1794 percepti·

207 1807 321 1895 bilem)
341 1832 407 1892 quo
425 1815 530 1895 magis
545 1822 681 1877 ornatae
699 1814 764 1876 sint
779 1813 892 1892 stellis,
908 1813 1101 1895 praesertim
1117 1813 1305 1894 majoribus.

254 1931 301 1996 19.
326 1915 472 1979 Omnino
495 1916 585 1981 calor
607 1917 798 1982 coelestium
821 1927 961 1999 augetur
982 1917 1086 1980 tribus
1113 1919 1240 1998 modis;
1271 1919 1361 1983 vide-

207 2016 284 2081 licet
306 2039 350 2081 ex
373 2020 616 2102 perpendiculo,
640 2042 683 2084 ex
706 2020 953 2104 propinquitate
980 2020 1048 2084 sive
1073 2020 1235 2103 perigae0,
1257 2032 1290 2086 et
1317 2043 1361 2086 ex

208 2121 438 2203 conjunctione
453 2126 521 2188 sive
537 2125 700 2189 consortio
715 2124 894 2188 stellarum.

252 2241 302 2289 20.
328 2226 488 2310 Magnum
516 2229 651 2292 omnino
678 2229 841 2292 invenitur
866 2226 1075 2292 intervallum
1105 2227 1191 2292 inter
1219 2229 1360 2294 calorem
1405 2307 1410 2316 Ι

208 2329 398 2395 animalium
414 2353 452 2396 ac
468 2333 568 2396 etiam
590 2333 755 2396 radiorum
777 2329 970 2395 coelestium
993 2327 1105 2416 (prout
1128 2333 1169 2395 ad
1194 2352 1254 2396 nos
1272 2333 1331 2396 def
1348 2370 1362 2384 ·

209 2433 346 2518 runtur),
362 2445 461 2519 atque
484 2436 662 2513 flammam,
685 2435 761 2500 licet
784 2434 994 2512 lenissimam,
1011 2444 1113 2516 atque
1135 2436 1235 2498 etiam
1259 2437 1363 2519 ignita

209 2539 328 2614 omnia,
350 2549 451 2621 atque
473 2541 605 2622 insuper
627 2540 778 2623 liquores,
801 2548 859 2603 aut
881 2546 990 2602 aerem
1014 2539 1122 2620 ipsum
1146 2539 1305 2619 majorem
1328 2541 1362 2602 in

211 2643 347 2705 modum
374 2644 417 2707 ab
441 2644 518 2726 igne
543 2642 749 2708 calefactum.
811 2643 945 2706 Etenim
976 2641 1110 2704 flamma
1141 2642 1272 2723 spiritus
1287 2643 1362 2721 vini,

210 2745 400 2826 praesertim
424 2766 496 2809 rara
519 2767 579 2811 nec
602 2746 796 2829 constipata,
819 2753 931 2809 tamen
955 2746 1042 2827 potis
1065 2753 1115 2808 est
1137 2752 1282 2808 stramen
1305 2754 1364 2811 aut

210 2847 347 2912 linteum
363 2860 421 2913 aut
444 2871 608 2932 papyrum
632 2851 826 2927 incendere;
851 2851 940 2932 quod
964 2869 1132 2930 nunquam
1156 2849 1253 2912 faciet
1276 2849 1364 2914 calor

210 2953 360 3016 animalis
374 2953 426 3016 vel
445 2954 533 3031 solis,
548 2954 674 3037 absque
689 2953 830 3037 speculis
846 2952 1156 3017 comburentibus⁴⁹.

256 3073 305 3120 21.
330 3056 501 3121 Flammae
523 3068 635 3123 autem
659 3068 692 3122 et
721 3059 899 3141 ignitorum
926 3057 1058 3140 plurimi
1085 3057 1168 3121 sunt'
1186 3059 1307 3140 gradus
1330 3058 1363 3121 in

210 3262 244 3316 of
258 3280 364 3330 course,
377 3265 406 3317 in
423 3264 471 3319 the
485 3265 656 3333 Copemican
672 3271 773 3333 system
786 3264 929 3318 described
941 3281 970 3318 as
987 3264 1112 3332 aphelion
1131 3265 1185 3318 and
1203 3266 1363 3334 perihelion,

212 3352 261 3399 not
274 3363 303 3400 as
315 3363 417 3415 apogee
431 3348 485 3400 and
497 3349 617 3416 perigee.
654 3347 718 3403 The
730 3348 876 3401 variatione
894 3346 926 3400 of
942 3348 1065 3401 distance
1079 3347 1152 3401 from
1169 3347 1218 3401 the
1236 3365 1295 3414 sun,
1310 3347 1365 3402 due

212 3434 243 3482 to
255 3429 302 3484 the
315 3431 416 3500 elliptic
429 3431 502 3485 orhit
521 3431 553 3484 of
569 3433 616 3486 the
633 3432 720 3498 earth,
733 3433 810 3500 have,
822 3448 852 3485 as
870 3449 886 3485 a
904 3436 1006 3485 matter
1023 3430 1055 3484 of
1070 3431 1134 3496 fact,
1147 3431 1217 3484 little
1230 3431 1366 3485 influence

214 3513 241 3566 in
259 3513 444 3580 determinlng
462 3521 660 3583 temperature,
677 3515 758 3582 being
776 3516 972 3584 compensated
990 3515 1090 3584 hythe
1108 3515 1253 3567 variations
1271 3514 1298 3566 ln
1317 3514 1365 3567 the

213 3597 324 3664 angular
344 3599 471 3667 velocity.
508 3598 594 3652 Were
616 3599 638 3652 it
658 3604 708 3652 not
728 3598 773 3652 for
792 3600 846 3652 this
867 3598 932 3664 fact,
954 3598 1001 3651 the
1022 3613 1156 3650 summers
1176 3597 1231 3649 and
1253 3597 1365 3650 winters

213 3680 303 3733 would
324 3681 359 3734 be
384 3680 538 3736 intensilied
559 3682 588 3736 in
609 3682 656 3736 the
677 3682 819 3750 southem‚
841 3683 895 3735 and
920 3680 1081 3734 moderated
1106 3681 1134 3733 in
1158 3680 1206 3732 the
1232 3678 1365 3731 northern

213 3763 392 3833 hemisphere.

250 3849 307 3903 For
327 3865 362 3901 an
381 3849 554 3917 explanation
575 3848 608 3903 of
624 3849 671 3902 the
693 3848 865 3918 phenomeua
883 3847 916 3902 of
934 3847 982 3901 the
1002 3862 1121 3913 seasons,
1139 3861 1185 3898 see
1204 3843 1366 3898 Herschel’s

214 3933 380 4000 Astronomy
395 3931 456 4000 (4th
469 3933 558 3999 ΕΜ
575 3930 720 4000 362-369).

248 4013 270 4045 ⁴⁸
288 4014 358 4068 This
370 4016 392 4068 is
404 4032 439 4069 an
451 4021 569 4085 attempt
581 4021 612 4068 to
623 4021 741 4069 account
754 4013 799 4068 for
810 4014 873 4084 July
886 4013 968 4079 being
986 4011 1081 4065 hotter
1098 4010 1165 4064 than
1183 4009 1230 4063 the
1248 4009 1316 4062 time
1335 4011 1368 4064 of

214 4099 261 4152 the
282 4115 404 4152 summer
428 4099 547 4153 solstice.
583 4097 647 4152 The
666 4105 729 4151 true
749 4113 847 4151 reason
869 4097 899 4163 is,
917 4095 950 4150 of
967 4111 1073 4160 course,
1090 4095 1138 4147 the
1158 4109 1232 4146 same
1254 4109 1284 4146 as
1305 4093 1365 4147 that
1389 4135 1392 4140 .

214 4181 258 4236 for
269 4182 317 4236 the
330 4184 406 4251 early
419 4183 565 4236 afternoon
577 4181 660 4250 being
677 4182 773 4235 hotter
785 4181 851 4234 than
868 4178 1019 4248 noon-day,
1033 4178 1150 4247 namely,
1163 4177 1210 4230 the
1224 4176 1366 4231 increased

215 4266 349 4320 radiation
362 4266 394 4318 of
403 4265 467 4318 heat
479 4265 552 4318 from
564 4267 613 4319 the
626 4265 726 4319 earth's
738 4264 854 4318 surface.

250 4348 273 4381 ⁴⁸
291 4350 353 4402 And
372 4355 427 4418 yet,
447 4350 474 4402 in
493 4355 568 4417 parts
586 4349 618 4403 of
631 4350 768 4403 Australia
787 4349 841 4402 and
860 4347 946 4401 South
966 4344 1067 4410 Africa,
1086 4342 1184 4410 during
1203 4357 1331 4410 summer,
1350 4361 1367 4398 a

214 4431 313 4487 lucifer
324 4431 417 4485 match
430 4431 608 4500 accidentally
620 4431 712 4499 falling
724 4448 761 4485 on
773 4432 820 4485 the
833 4430 939 4500 ground
952 4427 1006 4483 will
1018 4428 1112 4496 ignite.
1143 4427 1194 4481 See
1208 4426 1366 4480 Herschel’s

215 4516 420 4584 Astronorny,§
437 4516 496 4580 3⁶9·
