3346 5104
308 433 371 504 254
687 425 844 482 nrororr
865 426 1081 483 orianorum

306 601 467 673 vagantur
496 591 587 656 nulla
615 589 669 656 via
702 590 838 671 certa⁷⁴‚
862 593 921 656 sed
953 613 996 655 ex
1026 613 1162 657 occursu
1190 612 1297 656 rerum
1326 601 1459 656 tantum

307 695 480 759 consilium
504 697 648 778 capiunt,
670 696 942 761 circumienmtur
964 697 1007 760 ad
1032 696 1145 776 multa,
1164 698 1221 760 sed
1245 717 1361 779 parum
1384 716 1461 779 pro·

308 809 466 876 movent;
497 810 530 864 et
565 801 767 883 quandoque
796 801 953 883 gestiunt,
983 801 1185 882 quandoque
1215 799 1460 879 distrahuntur3

308 913 342 967 et
358 925 489 988 semper
504 905 674 969 inveniunt
690 905 781 987 quod
800 904 938 967 ulterius
958 913 1129 986 quaerant
1173 902 1257 968 Fere
1280 913 1392 968 autem
1412 905 1460 969 ita

307 1007 355 1086 fit,
380 1018 418 1071 ut
444 1007 595 1073 homines
621 1009 737 1073 leviter
763 1017 797 1072 et
827 1018 988 1091 tanquam
1014 1028 1073 1091 per
1098 1008 1212 1072 ludum
1237 1009 1458 1090 experiantur,

307 1113 466 1176 variando
488 1113 660 1196 paululum
683 1112 911 1196 experimenta
925 1111 996 1194 jam
1018 1113 1151 1194 cognita
1163 1134 1172 1192 ;
1202 1123 1245 1190 et,
1268 1114 1295 1176 si
1319 1133 1370 1177 res
1393 1133 1461 1176 non

308 1219 472 1294 succedat,
495 1216 695 1281 fastidiendo
716 1226 750 1280 et
771 1225 928 1279 conatum
945 1216 1139 1283 deserendo.
1184 1217 1284 1300 Quod
1305 1217 1333 1280 si
1354 1216 1460 1298 magis

308 1321 394 1384 serio
410 1331 444 1384 et
462 1330 652 1386 constanter
668 1341 707 1385 ac
729 1320 890 1384 laboriose
908 1321 952 1384 ad
974 1321 1204 1402 experimenta
1223 1342 1259 1385 se
1276 1322 1460 1403 accingant,

309 1435 422 1489 tamen
439 1425 471 1488 in
488 1446 554 1489 uno
569 1425 683 1508 aliquo
702 1425 932 1508 experimento
957 1425 1103 1489 eruendo
1119 1445 1254 1508 operam
1277 1425 1460 1504 collocant3

310 1530 591 1612 quemadmodum
609 1527 779 1592 Gilbertus
803 1529 836 1591 in
853 1537 1018 1611 magnete,
1033 1527 1185 1612 Chymici
1201 1529 1234 1592 in
1250 1549 1338 1594 auro.
1385 1528 1462 1594 Hoc

309 1643 421 1697 autem
446 1633 572 1697 iaciunt
599 1630 749 1697 homines
774 1632 926 1695 instituto
954 1652 1019 1695 non
1044 1634 1153 1696 minus
1179 1633 1332 1716 imperito
1359 1653 1460 1716 quam

309 1738 411 1802 tenui.
456 1737 567 1801 Nemo
593 1738 681 1800 enim
708 1736 846 1817 alicujus
872 1737 917 1799 rei
941 1744 1093 1800 naturam
1116 1737 1149 1800 in
1172 1738 1245 1820 ipsa
1268 1757 1302 1800 re
1324 1737 1462 1802 feliciter

310 1850 552 1924 perscrutatum
590 1842 648 1904 sed
675 1840 865 1924 amplianda
890 1851 940 1904 est
964 1842 1132 1923 inquisitio
1161 1843 1204 1905 ad
1236 1841 1342 1924 magis
1371 1861 1461 1905 com·

312 1947 436 2008 munia.

356 2047 503 2132 Quodsi
528 2047 627 2112 etiam
651 2047 820 2112 scientiam
838 2050 1005 2131 quandam
1030 2058 1063 2114 et
1085 2051 1242 2133 dogmata
1266 2071 1310 2112 ex
1332 2047 1463 2131 experi-

312 2155 432 2217 mentis
455 2153 651 2232 moliantur;
675 2163 787 2217 tamen
810 2174 941 2236 semper
962 2155 1030 2219 fere
1052 2155 1163 2218 studio
1186 2168 1405 2237 praepropero
1428 2161 1462 2216 et

311 2256 543 2340 intempestivo
559 2256 740 2322 deflectunt
755 2257 798 2320 ad
821 2259 960 2340 praxin:
984 2279 1050 2322 non
1066 2267 1196 2322 tantum
1212 2269 1346 2340 propter
1366 2275 1462 2320 usum

310 2372 345 2426 et
369 2361 511 2425 fructum
541 2359 703 2443 ejusmodi
728 2382 880 2445 praxeos,
904 2363 961 2426 sed
988 2362 1082 2426 utin
1108 2384 1207 2445 opere
1236 2361 1348 2444 aliquo
1378 2379 1463 2425 novo

348 2550 389 2622 (4)
409 2552 520 2606 Pursuit
532 2551 564 2606 of
572 2567 627 2606 one
640 2552 820 2620 experiment,
833 2568 865 2606 or
877 2553 994 2621 subject,
1006 2558 1037 2606 to
1049 2554 1097 2607 the
1110 2554 1218 2620 neglect
1231 2551 1263 2606 oi
1271 2551 1306 2605 all
1319 2551 1427 2620 others3

349 2634 389 2705 (5)
410 2635 556 2690 Excessive
569 2651 712 2702 eagemess
727 2641 758 2688 to
770 2636 858 2689 arrivs
871 2642 900 2689 at
911 2637 959 2690 the
972 2636 1101 2705 practical
1114 2636 1286 2704 application.

347 2719 411 2772 The
433 2724 551 2772 account
573 2717 605 2772 of
623 2719 671 2771 the
693 2719 743 2772 last
764 2719 844 2774 three
866 2719 898 2773 of
916 2721 994 2774 these
1012 2720 1093 2774 faults
1111 2721 1133 2773 is
1151 2720 1297 2774 horrowed
1314 2717 1387 2772 from
1406 2717 1463 2772 Mr.

312 2802 450 2856 Kitchin’s
468 2809 544 2857 note.
581 2803 628 2855 He
646 2803 719 2869 gives
737 2819 754 2858 a
772 2801 892 2857 fourfold
910 2803 1034 2871 division,
1051 2804 1109 2869 but,
1124 2804 1229 2871 though
1247 2803 1327 2856 there
1346 2803 1368 2854 is
1386 2817 1463 2856 some

311 2887 452 2954 obscurity
472 2887 499 2938 in
518 2886 566 2939 the
582 2886 655 2955 early
669 2893 731 2954 part
743 2887 775 2940 oi
791 2887 838 2940 the
853 2888 1034 2957 Aphorism,l
1055 2905 1100 2942 am
1119 2888 1237 2942 inclined
1256 2893 1287 2942 to
1304 2885 1384 2940 think
1402 2885 1463 2938 that

311 2971 360 3024 the
372 2987 483 3039 passage
494 2970 567 3023 from
582 2970 652 3023 ‘Sed
665 2970 879 3025 demonstratio'
896 2971 977 3026 down
995 2979 1026 3025 to
1038 2973 1046 3002 ‘
1056 2972 1225 3026 deserendo’
1245 2971 1267 3024 is
1283 2971 1415 3024 intended
1433 2975 1464 3023 to

311 3055 415 3123 specify
427 3055 505 3108 three
518 3054 630 3108 distinct
643 3053 734 3108 saults.

347 3135 370 3168 Ἡ
389 3138 482 3192 Bacon
501 3138 523 3189 is
536 3138 601 3191 here
614 3139 746 3207 probably
758 3139 876 3207 alluding
888 3144 919 3192 to
933 3139 981 3193 the
999 3138 1106 3193 fashion
1123 3139 1155 3193 of
1170 3140 1262 3209 trying
1279 3140 1465 3208 experimenta

312 3223 430 3277 without
446 3238 499 3290 any
513 3221 597 3274 order
611 3238 644 3274 or
660 3222 783 3289 method,
796 3225 890 3276 ‘mera
906 3225 1041 3292 palpatio'
1058 3240 1086 3276 as
1105 3223 1139 3276 he
1159 3223 1222 3276 calls
1239 3223 1261 3276 it
1280 3224 1307 3276 in
1328 3223 1397 3291 Aph.
1414 3237 1464 3274 roo

296 3308 368 3378 ¹and
386 3308 435 3361 the
454 3306 499 3359 De
518 3306 688 3372 Augmentis.
729 3307 779 3374 Cp.
799 3307 845 3360 lib.
864 3325 889 3362 v.
907 3324 967 3376 cap.
987 3324 1018 3362 a:
1043 3308 1113 3361 ‘Ars
1133 3307 1184 3360 ista
1207 3307 1302 3360 ludicii
1323 3306 1372 3374 (ita
1390 3305 1464 3359 enim

313 3408 375 3446 eam
397 3389 601 3459 appellabimus)
622 3389 689 3443 duas
710 3389 792 3444 habet
812 3397 912 3459 partes.
950 3393 1006 3445 Ant
1027 3392 1100 3445 enim
1126 3391 1249 3444 defertur
1275 3390 1410 3443 Indicium
1430 3390 1465 3443 ab

312 3476 487 3547 experimentis
503 3475 540 3527 od
555 3476 742 3545 experimenta;
759 3481 806 3528 aut
824 3476 858 3530 ab
875 3479 1051 3546 experimentis
1069 3477 1106 3529 ad
1121 3477 1263 3540 axiomata,
1281 3490 1352 3544 quae
1367 3480 1396 3527 et
1410 3474 1468 3542 ipsa

314 3580 384 3614 nova
410 3561 580 3628 experimenta
605 3557 756 3624 designent.
805 3558 930 3612 Priorem
959 3559 1056 3612 harum
1082 3559 1287 3628 Experieutiam
1311 3558 1465 3611 Literatam

315 3643 524 3708 nominabimus
549 3642 730 3710 posteriorem
755 3658 821 3695 vero
848 3642 1107 3711 Interpretationem
1132 3641 1263 3708 Naturae,
1281 3643 1336 3696 sive
1355 3641 1465 3695 Novum

315 3730 465 3796 Organum.
502 3725 581 3779 Prior
593 3725 706 3794 quidem
720 3725 764 3795 (ut
776 3727 839 3779 alibi
852 3725 1004 3795 attigimus)
1017 3727 1061 3779 vix
1075 3742 1125 3794 pro
1138 3726 1206 3780 Arte
1222 3725 1347 3779 habenda
1363 3731 1405 3778 est
1417 3732 1466 3779 aut

312 3819 391 3882 parte
400 3810 598 3878 Philosophiae,
608 3808 656 3862 sed
665 3825 716 3878 pro
726 3810 880 3877 sagacitate
887 3810 1019 3878 quadam:
1034 3809 1106 3863 unde
1116 3811 1200 3863 etiam
1210 3825 1270 3863 eam
1281 3809 1465 3865 Venationem

314 3897 394 3950 Panis
418 3895 481 3964 (hoc
504 3909 605 3947 nomen
623 3908 657 3945 en
677 3892 768 3946 fabula
786 3893 920 3963 mutuati)
939 3893 1104 3963 quandoque
1122 3894 1295 3963 appellamus.
1332 3896 1465 3946 Attamen

312 3979 546 4052 quemadmodum
567 3977 651 4045 possit
673 3978 733 4046 quis
754 3978 781 4030 in
806 3979 848 4030 via
867 3994 916 4030 sua
937 3978 1035 4046 triplici
1057 3978 1140 4031 modo
1161 3977 1306 4046 progredi3
1331 3983 1379 4030 aut
1401 3993 1465 4030 cum

310 4067 403 4136 palpat
417 4067 468 4134 ipse
486 4065 512 4116 in
531 4062 655 4127 tenebris,·
673 4066 720 4114 aut
739 4076 803 4113 cnm
820 4061 926 4115 alterius
945 4081 1024 4115 manre
1041 4062 1158 4128 ducatur,
1177 4063 1229 4131 ipse
1243 4074 1339 4132 parum
1357 4061 1467 4127 videns,-

313 4154 361 4202 aut
374 4147 492 4215 denique
509 4160 572 4198 cum
588 4145 700 4213 vestigia
718 4145 812 4198 iumine
827 4145 939 4197 adhibito
959 4154 1048 4214 regat.-
1065 4145 1190 4197 similiter
1207 4160 1271 4197 cum
1290 4144 1350 4212 quis
1367 4146 1466 4214 experi-

314 4242 400 4286 menta
418 4231 550 4298 omnigeno
569 4225 662 4295 absque
680 4226 735 4279 ulla
755 4229 819 4280 serie
840 4237 887 4280 aut
908 4228 1020 4280 methodo
1042 4237 1125 4294 tentet,
1144 4243 1176 4280 ea
1197 4227 1309 4281 demum
1328 4243 1405 4281 mera
1425 4235 1467 4280 est

313 4315 451 4384 palpati03
477 4326 541 4364 cum
560 4325 626 4362 vero
643 4309 763 4363 nonnulla
782 4321 872 4364 utatur
893 4313 919 4364 in
940 4312 1156 4380 experimentondo
1175 4313 1307 4366 directione
1327 4323 1352 4366 et
1373 4312 1466 4378 ordine,

313 4398 427 4468 perinde
440 4401 482 4448 est
494 4409 526 4447 ac
538 4393 560 4446 si
572 4409 655 4446 manu
668 4393 799 4446 ducatur:
818 4400 901 4462 atque
914 4393 967 4446 hoc
981 4394 1046 4446 illud
1059 4402 1101 4448 est
1114 4395 1189 4464 quod
1202 4411 1253 4464 per
1262 4395 1467 4463 Experientiam

314 4483 467 4536 Literatam
486 4476 668 4542 intelligimus.
705 4474 777 4527 Nam
797 4476 894 4529 Lumen
912 4479 1003 4545 ipsum,
1022 4477 1097 4545 quod
1115 4479 1228 4532 tertium
1247 4478 1308 4546 fuit,
1320 4478 1355 4531 ab
1375 4477 1468 4532 luter·

313 4563 468 4636 pretatione
482 4560 612 4624 Naturae,
624 4559 680 4612 sive
692 4557 773 4611 Novo
786 4559 906 4628 Organo,
918 4560 1068 4629 petendum
1080 4561 1140 4616 est.'
