3208 5094
303 391 369 476 586
680 403 840 468 nom
850 401 1078 464 manua.

304 565 555 638 schematlm
583 567 636 656 (id
666 567 757 653 quod
787 571 831 635 ad
860 569 1069 636 omnimodas
1099 587 1275 652 corporum
1306 565 1474 632 transfor·

300 671 470 738 nmmos
496 674 649 755 pertinet,
676 683 712 738 ut
738 695 790 737 ars
814 674 904 737 brevi
930 683 1081 756 tempore
1105 672 1188 737 illud
1212 672 1324 737 facere
1352 671 1472 754 possit,

308 776 399 856 quod
415 785 532 840 natura
550 797 608 858 per
623 777 745 842 multas
763 776 921 860 ambages
944 773 1100 861 molitur),
1116 777 1160 840 de
1180 796 1219 840 eo
1240 775 1336 839 nulla
1353 775 1471 838 hacte-

309 899 370 942 nus
391 880 487 944 nobis
507 887 661 945 constant
677 882 806 946 indicia.
851 880 1144 964 Quemadmodum
1159 889 1272 946 autem
1293 879 1329 942 in
1351 877 1471 942 solidis

309 990 344 1046 et
366 982 450 1048 veris
470 983 654 1066 aspiramus
674 985 718 1048 ad
739 983 858 1048 ultima
877 992 911 1048 et
926 1004 1077 1062 summa3
1104 985 1152 1048 ita
1169 1003 1256 1046 vana
1276 991 1313 1046 et
1334 981 1471 1046 tumida

307 1096 469 1169 perpetuo
484 1088 623 1166 odimus,
638 1097 672 1153 et
687 1098 851 1173 quantum
865 1090 899 1152 in
915 1087 1010 1153 nobis
1025 1096 1076 1153 est
1093 1087 1322 1171 profligamus

845 1225 922 1292 LII.

351 1337 468 1420 Atque
479 1340 522 1404 de
534 1339 762 1422 Dignitatibus
773 1341 842 1404 sive
856 1339 1106 1422 Praerogatinis
1119 1338 1371 1404 instantiarum
1388 1337 1471 1401 haec

308 1441 397 1506 dicta
412 1441 489 1506 sint.
531 1442 616 1507 Illud
631 1463 710 1506 vero
726 1444 929 1506 monendum
939 1443 974 1522 ⁶³,
993 1463 1053 1506 nos
1069 1444 1102 1505 in
1116 1441 1180 1508 hoc
1196 1453 1313 1506 nostro
1331 1440 1471 1523 Organa

306 1553 449 1610 tractare
470 1545 621 1629 logicam,
640 1567 706 1610 non
729 1545 981 1630 philosophiam.
1028 1545 1097 1612 Sed
1119 1567 1196 1610 cum
1218 1546 1329 1630 logica
1353 1557 1472 1610 nostra

308 1649 426 1714 doceat
444 1650 647 1715 intellectum
671 1660 704 1714 et
720 1651 847 1715 erudiat
865 1651 908 1714 ad
931 1651 1003 1730 hoc,
1019 1661 1055 1715 ut
1078 1671 1144 1715 non
1162 1651 1318 1715 tenuibus
1343 1651 1471 1714 mentis

310 1754 404 1835 quasi
427 1753 592 1818 claviculis
615 1774 724 1818 rerum
746 1753 912 1819 abstracta
930 1764 1044 1838 captet
1066 1765 1100 1819 et
1121 1765 1255 1838 prenset
1276 1753 1331 1840 (ut
1358 1755 1470 1837 logica

307 1853 475 1941 vulgaris),
491 1858 548 1920 sed
564 1866 715 1922 naturam
734 1879 845 1922 revera
863 1870 1012 1942 persecet
1021 1857 1058 1934 ⁶⁴,
1077 1867 1111 1923 et
1129 1879 1305 1942 corporum
1323 1859 1469 1922 virtutes

308 1968 342 2023 et
357 1969 449 2024 actus
459 1959 485 1998 ⁶⁶
508 1979 689 2043 eorumque
710 1960 800 2044 leges
816 1962 850 2025 in
872 1963 1011 2027 materia
1033 1963 1269 2026 determinatas
1292 1963 1469 2037 inveniat;

307 2061 355 2126 ita
377 2071 415 2125 ut
437 2083 502 2126 non
524 2063 632 2127 solum
655 2085 699 2128 ex
722 2075 841 2130 natura
864 2065 992 2146 mentis,
1015 2069 1074 2131 sed
1101 2087 1145 2131 ex
1171 2077 1290 2131 natura
1317 2067 1469 2130 renim&

309 2187 442 2250 quoque
473 2168 555 2232 haec
584 2166 722 2233 scientia
752 2179 904 2235 emanet:
943 2170 1064 2234 mimm
1092 2191 1159 2234 non
1190 2179 1249 2248 est,
1278 2169 1307 2233 si
1338 2169 1470 2252 ubique

309 2269 513 2335 naturalibus
534 2273 870 2356 contemplationibus
897 2282 931 2338 et
957 2275 1202 2356 experimentis,
1229 2273 1273 2337 ad
1303 2274 1470 2355 exempla

308 2375 388 2440 artis
403 2384 544 2457 nostiae,
559 2396 736 2460 conspersa
751 2378 847 2442 fuerit
863 2386 896 2442 et
914 2377 1077 2443 illustrata
1085 2377 1121 2439 ⁶⁷.
1167 2375 1254 2442 Sunt
1274 2386 1392 2441 autem
1413 2375 1470 2463 (ut

310 2501 354 2544 ex
384 2478 422 2544 iis
452 2501 538 2563 quae
567 2481 658 2544 dicta
687 2492 765 2545 sunt
793 2482 899 2564 patet)
929 2481 1188 2562 Praerogativaa
1216 2481 1471 2544 Instantiarum

309 2605 446 2649 numero
480 2599 542 2665 273
581 2585 787 2651 nominibus:
824 2586 1008 2650 Instantiao
1042 2585 1240 2649 Solitariae:
1276 2585 1470 2648 Instantnat

306 2687 514 2770 Migrantis:
548 2689 731 2754 Inntontz'ao
762 2689 970 2754 Ostensivaa:
1003 2689 1185 2754 Instantius
1217 2687 1470 2756 clandestinae:

307 2791 491 2857 Instantiae
522 2791 777 2859 Coma'tntivaa:
812 2793 996 2858 Instantius
1030 2793 1239 2874 conformes:
1275 2793 1469 2856 Instantaac

307 2894 520 2961 Monodicaa:
557 2898 740 2961 Instantiao
771 2897 973 2964 Deviantos:
1015 2897 1199 2962 Instantiaa
1232 2897 1468 2962 Limitaneae:

307 2998 490 3065 Instantiae
511 3001 708 3066 Potestotis:
738 3001 922 3066 Instantiao
945 3001 1125 3068 Comitatus
1149 3011 1182 3065 ct
1204 3001 1372 3066 Hostiles:
1402 3002 1468 3066 Iu·

306 3104 447 3166 stantiae
463 3105 714 3186 Snbynnctivae:
738 3106 920 3170 [instantiae
935 3106 1103 3170 Foedcris:
1126 3106 1312 3170 Instantius
1328 3105 1467 3172 Crucis:

308 3325 403 3379 Stone.

309 3239 400 3309 hoped
422 3247 452 3295 to
474 3242 568 3296 obtain
590 3243 663 3297 their
680 3245 748 3299 ends
766 3244 802 3314 by
821 3261 914 3299 means
932 3244 965 3298 of
980 3261 1015 3298 an
1035 3243 1122 3296 Eliair
1138 3260 1171 3297 or
1189 3243 1238 3297 the
1257 3243 1467 3314 Philosopher's
1575 3225 1576 3267 l

345 3405 367 3438 ⁶³
386 3409 455 3462 This
475 3408 497 3462 is
518 3425 534 3462 a
554 3409 627 3476 good
647 3414 797 3465 statement
817 3409 851 3466 oi
868 3411 916 3465 the
937 3410 1045 3480 objects
1063 3409 1096 3464 oi
1113 3411 1161 3464 the
1181 3409 1321 3464 Baconian
1344 3409 1464 3478 reform,

309 3492 398 3548 which
419 3510 475 3548 was
496 3494 636 3562 intended,
655 3495 682 3548 in
704 3495 752 3549 the
773 3495 832 3550 first
853 3496 984 3562 instance,
1006 3501 1037 3550 to
1059 3495 1139 3563 bring
1159 3494 1244 3548 about
1264 3511 1281 3548 a
1302 3494 1409 3561 change
1435 3495 1470 3549 of

309 3576 425 3632 method
436 3577 531 3632 rather
541 3578 608 3631 than
620 3595 637 3632 a
649 3578 753 3646 change
766 3578 798 3634 oi
808 3579 948 3646 doctrine3
966 3579 1045 3632 buta
1057 3578 1161 3645 change
1173 3576 1206 3630 of
1214 3577 1349 3644 doctrine,
1364 3576 1465 3632 Bacon

309 3664 359 3718 felt
373 3664 492 3730 assured,
504 3662 595 3716 would
608 3677 676 3716 soon
688 3661 780 3717 follow
793 3661 841 3716 the
854 3661 959 3732 change
971 3661 1004 3717 oi
1013 3661 1137 3717 method.

344 3745 366 3778 ⁸⁴
386 3748 437 3815 Cp.
449 3747 466 3801 i.
480 3746 589 3814 51,and
602 3747 619 3800 i.
632 3763 673 3812 13.

346 3829 368 3861 ⁶⁶
387 3830 463 3884 That
482 3831 512 3899 is,
532 3832 624 3884 ‘actus
642 3831 743 3900 puros‚'
762 3827 987 3885 manifestations.
1025 3831 1077 3884 See
1093 3827 1110 3884 l.
1125 3845 1170 3897 51,
1186 3825 1254 3882 with
1271 3825 1320 3882 the
1338 3835 1405 3882 note
1427 3846 1467 3884 on

308 3915 362 3970 this
374 3916 541 3984 expression.

347 3997 369 4029 ⁶⁸
386 3999 425 4052 As
443 4015 526 4067 every
544 4002 606 4052 true
625 4005 727 4067 system
746 3996 778 4052 of
795 3997 866 4065 logic
884 3996 971 4066 ought
988 4003 1020 4050 to
1039 3998 1084 4052 do.
1122 3995 1216 4064 Logic‚
1236 3996 1290 4050 like
1308 4012 1362 4065 any
1380 3995 1467 4050 other
1575 3949 1576 4003 l

310 4084 428 4150 seleuce,
445 4083 536 4136 unless
557 4082 593 4135 its
613 4081 835 4149 generalisations
855 4097 903 4135 are
925 4081 1080 4150 constantly
1101 4081 1220 4147 brought
1241 4086 1273 4133 to
1291 4079 1340 4133 tbe
1362 4079 1415 4133 bar
1436 4078 1470 4134 of

310 4166 482 4235 experience,
496 4164 549 4218 aud
561 4165 713 4219 submitted
725 4170 756 4218 to
766 4165 815 4219 the
826 4169 882 4218 test
894 4163 926 4218 ol
939 4162 1018 4232 facts,
1031 4163 1155 4218 extemal
1168 4179 1196 4218 as
1208 4164 1269 4218 well
1286 4179 1316 4217 as
1333 4163 1465 4229 internal,

274 4313 275 4316 Ἴ
310 4258 383 4305 must
395 4250 512 4304 become
523 4249 652 4316 abstract,
664 4248 773 4316 barren,
785 4249 840 4304 and
852 4248 1005 4303 wortbless.

345 4331 368 4365 ⁸⁷
387 4334 449 4387 And
462 4339 509 4402 yet
521 4349 564 4387 we
575 4339 678 4387 cannot
690 4333 741 4386 but
753 4338 847 4401 regret
857 4333 918 4386 that
931 4333 1026 4386 Bacon
1038 4331 1087 4384 has
1099 4337 1150 4385 not
1166 4331 1223 4386 also
1239 4329 1364 4398 supplied
1380 4345 1422 4396 us,
1437 4331 1464 4382 ln

309 4433 462 4487 pursuance
475 4415 507 4470 oi
516 4416 589 4470 what
601 4417 636 4470 he
648 4433 709 4486 says
721 4417 749 4470 in
762 4417 779 4472 i.
792 4432 851 4484 127,
863 4416 930 4470 with
943 4416 1082 4483 examples
1093 4413 1166 4469 from
1178 4414 1227 4468 the
1240 4413 1350 4480 mental,
1364 4414 1464 4480 moral,
1575 4471 1576 4498 ,

308 4499 362 4551 and
375 4498 494 4566 political
506 4501 636 4566 sciences,
648 4501 677 4552 in
690 4498 779 4553 which
791 4499 833 4571 bis
844 4499 1007 4568 experience
1020 4515 1076 4552 was
1087 4514 1119 4552 so
1131 4499 1199 4552 rich.
