3220 5102
599 421 681 478 ara.
703 422 745 481 Η.
768 431 822 494 40,
1221 433 1263 498 49
1266 426 1287 497 5

134 585 254 650 simum
277 582 342 671 est)
358 583 448 649 nulla
470 603 546 650 cum
569 584 754 651 imitatione
776 595 834 652 aut
856 586 1078 652 aemulatione
1101 596 1239 652 naturae
1248 587 1284 662 ⁶²,

135 693 193 755 sed
224 712 299 756 cum
327 690 550 754 destructione
573 688 646 775 (per
670 691 796 756 calores
819 691 1032 756 uehementes
1062 701 1120 756 aut
1149 692 1288 756 virtutes

135 797 232 860 nimis
252 789 393 878 validas)
410 794 519 858 omnis
541 794 718 860 subtilioris
740 795 973 873 schematismi,
993 797 1026 858 in
1049 817 1115 878 quo
1137 795 1287 860 occultae

135 917 243 963 rerum
258 899 395 962 virtutes
411 906 445 961 et
460 915 637 962 consensus
652 900 826 983 praecipue
841 901 924 965 sitae
943 909 1030 965 sunt.
1069 899 1189 982 Neque
1204 899 1287 964 illud

136 1005 248 1079 etiam,
273 1002 362 1083 quod
397 1000 479 1065 alias
517 1002 702 1066 monuimus
711 1002 747 1080 ⁰⁸,
773 1003 962 1068 hominibus
990 1005 1024 1068 in
1053 1013 1199 1068 mentem
1229 1015 1288 1068 aut

135 1107 400 1171 observationem
420 1106 532 1169 uenire
549 1105 635 1168 solet
656 1107 691 1170 in
712 1106 901 1189 hujusmodi
919 1109 1201 1190 separationibus:
1223 1107 1289 1174 hoc

137 1220 195 1288 est,
225 1210 382 1292 plurimas
411 1208 597 1291 qualitates,
621 1211 654 1274 in
678 1231 852 1292 corporum
875 1212 1108 1276 vexationibus
1134 1223 1204 1276 tam
1228 1233 1289 1295 per

137 1313 248 1395 ignem
264 1333 364 1395 quam
383 1311 465 1377 alios
484 1315 609 1393 modos,
625 1314 693 1378 indi
714 1315 757 1379 ab
778 1315 852 1398 ipso
875 1317 951 1398 igne
974 1317 1078 1398 iisque
1098 1318 1288 1398 corporibus

137 1438 222 1499 quae
237 1417 279 1480 ad
296 1417 537 1499 separationem
549 1416 755 1497 adhibentur,
768 1441 853 1502 quae
869 1420 902 1482 in
917 1421 1102 1502 composito
1118 1420 1207 1502 prius
1220 1441 1287 1484 non

136 1519 286 1598 luerunt3
319 1521 406 1584 unde
436 1521 538 1585 mirae
564 1521 722 1588 fallaciae.
777 1521 896 1605 Neque
922 1523 1009 1588 enim
1036 1521 1160 1588 scilicet
1185 1543 1289 1604 vapor

137 1623 316 1698 universus,
344 1623 400 1705 qui
425 1645 470 1688 ex
494 1645 582 1707 aqua
605 1627 769 1690 emittitur
794 1646 853 1708 per
879 1627 1000 1709 ignem,
1023 1646 1127 1709 vapor
1152 1637 1211 1690 aut
1233 1633 1289 1690 aer

136 1738 234 1792 antea
249 1726 311 1792 fuit
330 1729 363 1790 in
382 1749 519 1810 corpore
533 1749 659 1811 aquae3
682 1730 741 1794 sed
762 1728 870 1796 iactus
889 1740 940 1795 est
959 1733 1108 1794 maxima
1129 1752 1173 1794 ex
1195 1741 1288 1812 parte

136 1852 196 1914 per
210 1831 439 1896 dilatationem
455 1853 561 1915 aquae
577 1854 621 1896 ex
636 1833 745 1898 calore
760 1834 855 1916 ignis.

182 1935 342 2000 Similiter
357 1937 389 1999 in
408 1958 528 2019 genere
543 1959 658 2002 omnes
677 1939 862 2021 exquisitae
883 1939 1093 2021 probationes
1114 1959 1288 2020 corporum

138 2040 206 2104 sive
227 2041 424 2105 naturalium
447 2042 515 2106 sive
536 2042 760 2120 artificialium,
776 2063 834 2125 per
853 2063 936 2124 quas
955 2064 1032 2106 vera
1052 2043 1290 2124 dignoscuntur

137 2145 179 2208 ab
203 2143 403 2223 adulterinis,
429 2146 566 2210 meliora
587 2167 607 2210 a
629 2147 806 2224 vilioribus
830 2145 894 2210 huc
924 2145 1034 2210 referri
1057 2147 1201 2210 debent:
1231 2148 1289 2211 de·

138 2249 263 2313 ducunt
278 2250 366 2314 enim
385 2249 622 2314 non-sensibile
641 2250 684 2314 ad
700 2249 862 2314 sensibile.
909 2248 997 2314 Sunt
1012 2251 1126 2332 itaque
1141 2250 1290 2333 diligenti

139 2372 216 2416 cura
232 2355 376 2436 undique
391 2354 641 2436 conquirendae.

181 2455 230 2545 (5)
249 2458 413 2542 Quintum
424 2481 503 2523 vero
518 2479 621 2542 genus
638 2458 821 2523 latitantiae
834 2459 924 2541 quod
936 2457 1065 2536 attinet,
1078 2457 1290 2523 manifestum

138 2573 189 2628 est
207 2564 372 2628 actionem
391 2584 505 2628 sensus
523 2564 659 2646 transigi
678 2565 711 2627 in
732 2572 833 2642 motu,
851 2572 978 2626 motum
997 2563 1206 2644 intempore.
1252 2561 1289 2627 Si

138 2667 238 2749 igitur
252 2677 361 2730 motus
377 2666 513 2749 alicujus
526 2667 670 2750 corporis
685 2668 727 2730 sit
742 2665 794 2730 vel
810 2675 880 2730 tam
893 2668 1017 2742 tardus,
1029 2665 1081 2728 vel
1097 2673 1167 2728 tam
1178 2663 1289 2742 velox,

138 2782 263 2834 utnon
288 2771 330 2836 sit
350 2771 618 2854 proportionatus
640 2771 683 2834 ad
707 2779 876 2834 momenta
899 2768 1072 2850 inquibus
1096 2769 1290 2850 transigitur

137 2877 225 2940 actio
240 2897 364 2954 senene,
380 2874 550 2958 objectum
566 2876 702 2940 omnino
720 2895 786 2939 non
807 2874 1005 2958 percipitur3
1029 2881 1066 2936 ut
1082 2874 1115 2935 in
1132 2882 1224 2937 motu
1240 2874 1289 2936 in-

138 2981 219 3044 dicis
233 2979 403 3062 horologii,
421 2989 453 3044 et
470 3000 578 3044 rursus
593 2981 626 3044 in
642 2989 733 3044 motu
749 2979 837 3062 pilae
852 2977 1000 3061 sclopeti.
1045 2977 1161 3058 Atque
1180 2985 1289 3041 motus

138 3085 194 3167 qui
210 3084 254 3150 ob
269 3085 461 3150 tarditatem
477 3105 543 3148 non
562 3085 746 3168 percipitur,
766 3083 861 3148 facile
883 3093 916 3147 et
936 3081 1101 3146 ordinario
1117 3082 1290 3146 deducitur

138 3189 182 3254 ad
208 3210 340 3254 sensum
365 3210 424 3273 per
450 3209 596 3253 summas
621 3199 730 3253 motus
741 3185 768 3226 ⁶⁴
775 3213 784 3266 ;
814 3188 973 3270 quivero
1001 3187 1045 3249 ob
1068 3186 1289 3265 velocitatem,

174 3447 196 3481 ⁰²
214 3451 264 3519 Cp.
279 3450 327 3504 the
345 3449 507 3517 interesting
524 3463 634 3518 passage
653 3447 680 3500 in
700 3447 745 3501 De
763 3446 934 3514 llugrnentis,
949 3462 975 3499 v.
989 3463 1002 3498 a
1019 3444 1064 3514 (E.
1081 3445 1135 3499 and
1154 3446 1189 3508 S„
1206 3445 1258 3500 vol.
1271 3444 1289 3499 i.

139 3549 184 3602 pp.
210 3533 319 3602 627-8).
367 3534 432 3587 The
455 3549 564 3602 passage
589 3531 737 3586 concludes
761 3532 828 3585 with
852 3529 901 3583 the
925 3537 1074 3583 sentence:
1111 3528 1289 3581 ‘Debuerant

139 3622 232 3670 autern
244 3618 376 3683 homines,
389 3618 411 3670 si
429 3617 479 3669 illis
496 3616 571 3670 utilia
588 3615 725 3684 inquirere
742 3620 861 3678 vacaret,
875 3612 1007 3665 naturalia
1024 3611 1131 3680 opificia
1148 3617 1176 3663 et
1192 3626 1290 3678 opera·

139 3701 229 3754 tiones
247 3701 363 3767 singulas
385 3705 492 3753 attente
516 3705 547 3752 et
570 3699 699 3752 minutim
720 3703 749 3751 et
770 3713 804 3750 ex
826 3695 980 3763 composito
1001 3693 1118 3758 intueri3
1146 3699 1174 3746 et
1196 3708 1291 3746 secum

138 3791 273 3854 perpetuo
289 3789 319 3838 et
336 3785 437 3838 acriter
455 3783 586 3849 cogitare,
598 3795 734 3849 quaenam
752 3796 786 3833 ex
805 3780 869 3848 ipsis
887 3779 921 3832 ad
937 3783 1012 3831 artes
1023 3774 1165 3831 transferri
1178 3775 1292 3844 possint.

140 3868 284 3937 Speculum
297 3869 370 3923 enim
383 3867 450 3920 artis
461 3865 578 3919 natura!

174 3948 196 3981 ⁸⁸
215 3951 243 4005 ii.
257 3967 281 4014 7.
318 3950 389 4004 This
407 3949 516 4003 remark
529 3947 616 4001 shews
633 3945 694 3999 that
709 3944 802 3998 Bacon
821 3961 876 3998 was
891 3943 958 4013 fully
970 3959 1058 3997 aware
1077 3941 1178 3995 osone
1195 3941 1291 3995 oftbe

139 4034 270 4104 principal
288 4051 399 4088 sources
417 4032 449 4086 of
464 4032 610 4101 deception
628 4031 654 4083 in
672 4028 935 4098 experimentation;
955 4027 1073 4094 namely,
1085 4026 1147 4079 that
1165 4025 1213 4078 tbe
1231 4039 1291 4078 em-

139 4120 281 4188 ployment
294 4118 369 4172 osan
382 4117 522 4171 abnormal
539 4131 650 4184 process
665 4113 743 4168 often
761 4111 836 4166 itsels
850 4111 1009 4165 introduces
1021 4126 1082 4163 new
1094 4109 1249 4164 conditione
1262 4109 1290 4162 in

138 4203 187 4258 the
200 4203 294 4272 object
307 4202 397 4257 under
409 4201 610 4268 investigation.
1044 4241 1048 4246 .

174 4285 197 4318 ⁰⁴
216 4288 240 4340 Α
258 4287 331 4354 good
354 4287 477 4339 instance
496 4284 528 4338 of
545 4283 599 4336 this
617 4283 639 4336 is
656 4282 705 4336 the
723 4297 776 4335 one
795 4279 875 4347 gisen
893 4277 930 4348 by
943 4277 1045 4344 Bacch,
1063 4276 1110 4330 the
1126 4275 1213 4329 hands
1230 4273 1291 4330 osa
1353 4331 1356 4338 ,

139 4371 228 4425 clock.
275 4370 333 4425 Still
358 4371 457 4424 slower
480 4369 607 4432 motione,
632 4366 722 4420 which
747 4381 809 4432 may
833 4363 869 4417 be
895 4361 1038 4416 measured
1068 4361 1133 4414 with
1158 4358 1291 4412 tolerable

139 4471 282 4523 accuracy,
300 4470 349 4508 are
367 4454 414 4506 the
434 4454 570 4506 elevation
588 4467 621 4504 or
640 4449 801 4504 subsidence
819 4447 852 4501 of
867 4447 1033 4512 continents,
1052 4444 1100 4498 the
1118 4443 1239 4498 advance
1258 4457 1292 4495 or

139 4545 243 4594 retreat
256 4538 288 4592 oi
298 4538 346 4592 the
359 4553 413 4606 sea,
427 4537 475 4590 the
487 4536 599 4606 gradual
613 4540 718 4589 retreat
729 4531 762 4586 of
771 4529 926 4600 waterfalls,
940 4528 990 4584 dcc.
