3324 5110
629 413 757 472 ΠΜ
785 422 965 474 120-121.
1311 425 1374 496 317

219 580 295 646 ralis
317 580 473 648 historia:
497 580 547 646 sol
571 583 659 646 enim
686 603 791 665 aeque
817 582 943 666 palatia
969 590 1002 645 et
1028 581 1158 646 cloacas
1184 581 1373 666 ingreditur,

219 705 326 767 neque
348 697 461 750 tamen
484 686 649 769 polluitur.
694 687 766 750 Nos
789 696 902 751 autem
926 705 991 749 non
1016 685 1218 768 Capitolium
1240 688 1374 771 aliquod

219 799 277 853 aut
293 789 506 872 Pyramidem
521 790 693 854 hominum
709 791 881 873 superbiae
901 790 1094 853 dedicamus
1114 799 1174 854 aut
1192 793 1375 868 condimus,

220 892 279 956 sed
321 894 484 976 templum
514 903 665 959 sanctum
695 894 738 958 ad
783 892 956 975 exemplar
990 895 1104 957 mundi
1138 895 1171 956 in
1205 895 1374 960 intellectu

220 995 366 1060 humano
388 996 574 1062 fundamus.
620 999 738 1080 Itaque
760 995 933 1077 exemplar
954 997 1129 1078 sequimur.
1174 997 1263 1060 Nam
1286 1000 1377 1080 quic-

221 1100 300 1180 quid
324 1101 467 1164 essentia
490 1101 627 1182 dignum
643 1110 703 1178 est,
719 1101 752 1164 id
775 1101 876 1164 etiam
899 1100 1037 1163 scientia
1058 1100 1204 1182 dignum,
1219 1123 1304 1185 quae
1324 1113 1376 1166 est

222 1203 384 1266 essentiae
400 1202 551 1286 imago³⁸.
596 1203 646 1268 At
657 1204 736 1268 vilia
751 1224 855 1285 aeque
870 1202 1054 1266 subsistunt
1069 1223 1108 1267 ac
1125 1203 1225 1269 lauta.
1270 1202 1377 1284 Quin-

223 1306 333 1383 etiam,
359 1315 395 1369 ut
431 1328 450 1370 e
479 1308 677 1389 quibusdam
708 1308 847 1389 putridis
878 1307 1032 1383 materiis,
1065 1306 1167 1370 veluti
1198 1328 1312 1372 musco
1342 1320 1377 1375 et

223 1407 399 1484 zibetho³⁹,
431 1409 609 1493 aliquando
639 1411 757 1494 optimi
788 1412 907 1474 odores
936 1421 1154 1491 generantur;
1192 1411 1238 1475 ita
1268 1423 1302 1476 et
1332 1415 1376 1477 ab

224 1513 389 1576 instantiis
408 1514 525 1578 vilibus
548 1524 581 1578 et
604 1514 745 1578 sordidis
768 1514 969 1596 quandoque
990 1515 1115 1577 eximia
1136 1513 1196 1577 lux
1219 1524 1253 1578 et
1276 1515 1376 1579 insor-

224 1616 327 1678 matio
350 1626 493 1681 emanat.
538 1618 664 1682 Verum
685 1619 728 1682 de
750 1618 814 1682 hoc
837 1617 934 1681 nimis
952 1616 1075 1696 multa3
1099 1638 1173 1682 cum
1193 1617 1257 1683 hoc
1272 1640 1377 1702 genus

221 1719 343 1784 fastidii
358 1721 401 1786 sit
416 1721 514 1804 plane
529 1722 653 1807 puerile
670 1731 703 1786 et
719 1721 976 1786 effoeminatum.

760 1911 889 1978 CXXI.

266 2029 316 2096 At
331 2030 374 2095 de
388 2032 444 2096 illo
459 2033 595 2099 omnino
615 2034 721 2117 magis
738 2043 891 2100 accurate
909 2033 1169 2117 dispiciendum3
1193 2038 1283 2119 quod
1302 2036 1376 2120 plu·

224 2134 307 2198 rima
323 2135 355 2199 in
365 2134 500 2200 historia
510 2147 622 2204 nostra
631 2139 743 2221 captui
753 2138 887 2221 vulgari,
897 2148 956 2202 aut
968 2141 1068 2203 etiam
1081 2141 1182 2204 cuivis
1193 2142 1375 2207 intellectui

225 2235 338 2323 (rebus
356 2242 585 2322 praesentibus
605 2241 811 2326 assuefacto),
826 2243 1026 2307 videbuntur
1043 2245 1190 2308 curiosae
1207 2245 1379 2327 cujusdam

225 2352 260 2406 et
274 2343 399 2408 inutilis
415 2346 617 2414 subtilitatis.
662 2347 782 2428 Itaque
797 2347 839 2409 de
854 2346 917 2411 hoc
932 2357 1011 2410 ante
1026 2347 1138 2411 omnia
1153 2358 1186 2412 et
1202 2350 1327 2413 dictum
1345 2360 1379 2413 et

225 2449 403 2513 dicendum
421 2459 490 2516 est:
519 2451 583 2516 hoc
601 2451 744 2530 scilicet3
772 2472 832 2514 nos
851 2449 921 2532 jam
937 2452 998 2515 sub
1014 2452 1114 2517 initiis
1129 2462 1163 2517 et
1178 2455 1221 2517 ad
1238 2465 1379 2537 tempus,

225 2561 357 2617 tantum
387 2553 526 2635 lucifera
555 2556 793 2638 experimenta,
822 2575 889 2618 non
910 2553 1096 2636 fructifera
1125 2577 1300 2638 quaerere3
1335 2559 1378 2621 ad

227 2657 420 2740 exemplum
451 2661 624 2724 creationis
655 2660 796 2738 divinae,
825 2658 915 2741 quod
946 2661 1076 2742 saepius
1110 2661 1264 2739 diximus,
1293 2682 1380 2743 quae

226 2762 402 2843 primodie
422 2763 528 2828 lucem
549 2774 677 2830 tantum
700 2765 868 2847 produxit,
887 2765 982 2846 eique
1004 2764 1064 2828 soli
1087 2784 1190 2828 unum
1213 2766 1379 2848 integrum

227 2864 316 2928 diem
346 2869 504 2947 attribuit,
534 2889 641 2951 neque
677 2869 734 2933 illo
771 2869 826 2933 die
862 2868 1039 2951 quicquam
1077 2870 1240 2933 materiati
1272 2871 1380 2952 operis

227 2967 414 3034 immiscuit.

273 3073 393 3155 Itaque
411 3076 439 3139 si
459 3076 533 3158 quis
554 3074 738 3141 istiusmodi
760 3097 811 3141 res
834 3076 955 3141 nullius
977 3098 1049 3141 esse
1073 3098 1150 3141 usus
1172 3089 1274 3162 putet,
1291 3080 1381 3144 idem

227 3178 411 3260 cogitatae
433 3179 459 3242 si
483 3179 609 3243 nullum
632 3182 733 3244 etiam
756 3181 837 3246 lucis
860 3202 932 3245 esse
955 3201 1051 3244 usum
1073 3191 1214 3257 censeat,
1230 3185 1307 3266 quia
1330 3205 1381 3248 res

228 3281 352 3347 scilicet
367 3282 474 3346 solida
488 3294 546 3347 aut
563 3285 736 3349 materiata
754 3306 820 3349 non
839 3286 891 3349 sit.
937 3282 1053 3368 Atque
1071 3306 1182 3350 revera
1203 3289 1380 3352 dicendum

229 3395 290 3463 est,
305 3387 503 3469 simplicium
524 3387 747 3453 naturarum⁴⁰
762 3390 983 3471 cognitionem
999 3390 1085 3454 bene
1102 3391 1328 3456 examinatam
1348 3401 1382 3456 et

264 3615 286 3648 ³⁸
304 3617 385 3671 With
401 3617 449 3672 the
466 3619 573 3671 various
591 3618 731 3687 questions
750 3634 779 3671 as
796 3624 826 3671 to
841 3617 890 3670 the
908 3617 1148 3685 correspondence
1166 3635 1199 3671 or
1217 3619 1332 3672 relation
1351 3619 1383 3674 oi

229 3701 391 3768 knowledge
410 3706 440 3754 to
459 3701 548 3768 being,
561 3701 651 3756 which
667 3716 739 3754 were
757 3707 788 3753 to
806 3716 913 3769 occupy
931 3717 963 3753 so
982 3701 1064 3753 much
1082 3701 1115 3753 ol
1130 3701 1177 3753 the
1196 3702 1333 3754 attention
1352 3702 1385 3756 of

229 3785 397 3853 subsequent
409 3784 605 3853 philosophers,
619 3783 713 3837 Bacon
726 3784 772 3836 did
785 3792 835 3837 not
847 3799 968 3837 concern
981 3783 1098 3838 himself.
1130 3783 1206 3836 That
1219 3784 1380 3854 knowledge

229 3867 320 3921 would
342 3868 510 3936 correspond
529 3867 595 3920 with
616 3867 707 3933 being,
726 3866 749 3918 if
764 3883 806 3920 we
825 3882 899 3920 were
920 3882 991 3919 once
1011 3871 1042 3920 to
1064 3867 1149 3935 dispel
1168 3867 1217 3920 the
1235 3867 1382 3936 phantoms

231 3951 319 4005 which
331 3951 409 4004 beset
422 3966 454 4003 us
466 3949 519 4003 and
533 3951 576 4018 lay
589 3967 640 4002 our
652 3949 742 4002 minds
755 3949 893 4015 alongside
906 3948 938 4001 of
947 3948 1025 4016 facts,
1038 3948 1073 4002 he
1085 3950 1153 4004 took
1165 3949 1210 4004 for
1221 3951 1346 4018 granted.

265 4031 287 4064 ³⁹
306 4034 390 4088 Muslr
403 4033 457 4086 and
469 4033 550 4086 civet.

266 4116 288 4148 ⁴⁰
307 4117 375 4170 This
388 4133 498 4185 passage
510 4115 532 4168 is
544 4115 694 4184 important
711 4131 740 4169 as
753 4114 889 4181 throwing
901 4115 967 4182 light
979 4115 1048 4169 both
1061 4133 1097 4169 on
1111 4117 1227 4170 Bacon’s
1243 4117 1340 4187 theory
1353 4119 1386 4173 of

234 4201 331 4254 Forms
347 4199 401 4253 and
414 4217 450 4253 on
464 4199 504 4252 his
517 4200 616 4268 theory
628 4197 660 4252 of
671 4200 827 4254 Induction.
866 4199 911 4251 He
924 4213 1013 4252 seems
1025 4207 1055 4252 to
1067 4200 1135 4254 have
1152 4200 1269 4266 thought
1282 4201 1305 4254 it
1319 4218 1384 4270 pos·

231 4285 298 4338 sible
310 4291 341 4338 to
354 4284 480 4337 discover
493 4283 540 4336 the
553 4283 678 4337 ultimate
691 4284 824 4337 elements
838 4282 984 4351 (simplices
997 4283 1131 4352 naturae),
1141 4291 1191 4337 out
1204 4283 1236 4337 of
1245 4285 1334 4338 which
1346 4288 1383 4341 all

230 4368 280 4421 the
299 4366 430 4421 manifold
449 4366 502 4420 and
523 4367 650 4420 intricate
668 4367 764 4420 effects
782 4368 809 4420 in
823 4367 929 4420 Nature
947 4383 995 4420 are
1013 4367 1214 4435 compounded,
1224 4367 1282 4436 just
1301 4386 1330 4422 as
1348 4371 1383 4426 all

231 4451 322 4504 words
339 4451 394 4504 and
411 4455 564 4516 sentences,
582 4450 710 4504 however
728 4467 877 4504 numerous
895 4451 948 4503 and
967 4451 1093 4519 complex
1112 4451 1178 4520 they
1198 4467 1260 4520 may
1278 4452 1322 4520 be,
1335 4469 1383 4508 are

231 4535 425 4606 compounded
447 4539 497 4588 out
517 4532 549 4586 of
566 4531 614 4588 the
634 4535 730 4588 letters
749 4534 782 4588 of
800 4535 848 4588 the
873 4533 1009 4605 alphabet.
1054 4533 1148 4588 When
1173 4535 1251 4588 these
1271 4536 1382 4608 ‘simple
