3324 5110
634 445 715 500 ΜΒ.
738 446 764 503 J.
788 433 928 519 86-87.
1293 435 1354 504 281

203 613 305 680 etiam
328 617 510 701 religiones,
532 617 656 702 aliquid
683 620 851 704 potuerint
876 631 933 686 aut
959 621 1104 686 luserint.
1149 603 1267 704 Itaque
1293 619 1357 685 ista

204 721 305 784 missa
334 722 502 788 iaciamus.
562 725 698 789 Interim
728 727 773 791 nil
804 729 922 790 mirum
954 735 1013 806 est,
1043 728 1070 789 si
1100 727 1211 808 opinio
1242 727 1357 808 copiae

204 845 337 890 causam
353 828 483 909 inopiae
497 829 636 894 dederit.

681 963 878 1028 LXXXVI.

247 1076 364 1162 Atque
384 1079 555 1146 hominum
575 1083 794 1164 admirationi,
814 1085 925 1167 quoad
946 1083 1113 1149 doctrinas
1131 1094 1165 1148 et
1185 1093 1283 1160 artes,
1298 1104 1357 1166 per

204 1203 241 1245 se
267 1185 348 1246 satis
374 1184 514 1267 simplici
540 1196 574 1249 et
598 1207 701 1269 prope
727 1189 852 1270 puerili,
878 1190 1118 1253 incrementum
1147 1189 1286 1252 accessit
1312 1187 1355 1250 ab

205 1307 318 1350 eorum
334 1296 408 1350 astu
424 1299 457 1352 et
469 1291 607 1354 artificio
618 1293 674 1374 qui
686 1294 839 1356 scientias
851 1301 1075 1356 tractaverunt
1091 1301 1125 1356 et
1140 1292 1355 1356 tradiderunt.

206 1388 259 1452 Illi
282 1391 372 1452 enim
399 1412 438 1454 ea
462 1395 643 1460 ambitione
667 1405 701 1459 et
723 1395 934 1460 affectatione
956 1416 1012 1458 eas
1034 1405 1233 1477 proponunt,
1256 1405 1357 1477 atque

205 1494 239 1557 in
261 1515 336 1557 eum
360 1495 496 1559 modum
520 1498 708 1564 efformatus
730 1521 769 1564 ac
791 1501 892 1564 veluti
916 1509 1107 1582 personatas
1130 1500 1162 1561 in
1186 1499 1356 1563 hominum

206 1608 419 1682 conspectum
445 1601 639 1684 producunt,
667 1624 705 1667 ae
732 1605 758 1667 si
784 1603 860 1667 illae
884 1603 974 1667 omni
1002 1624 1046 1666 ex
1073 1611 1167 1684 parte
1192 1603 1357 1685 perfectae

207 1712 316 1766 essent
335 1712 368 1766 et
386 1704 429 1766 ad
448 1706 577 1769 exitum
595 1706 783 1788 perductae.
830 1707 866 1770 Si
888 1708 976 1770 enim
1000 1705 1195 1770 methodum
1217 1707 1357 1788 aspicias

206 1815 240 1868 et
269 1807 470 1888 partitiones,
495 1808 570 1872 illae
594 1830 725 1891 prorsus
750 1810 861 1874 omnia
891 1809 1067 1891 complecti
1097 1818 1132 1872 et
1161 1810 1358 1874 concludere

205 1909 367 1988 videntur,
397 1930 482 1991 quae
512 1913 545 1974 in
575 1912 656 1976 illud
686 1912 872 1994 subjectum
902 1913 1020 1978 cadere
1049 1923 1196 1995 possunt.
1241 1913 1358 1997 Atque

206 2001 282 2077 licet
302 2013 450 2075 membra
466 2014 522 2077 illa
538 2018 624 2079 male
639 2016 777 2099 impleta
793 2026 826 2081 et
843 2016 945 2080 veluti
965 2017 1118 2098 capsulae
1137 2017 1250 2080 inanes
1272 2019 1357 2098 sint;

206 2127 320 2180 tamen
331 2117 419 2198 apud
433 2117 636 2182 intellectum
648 2120 818 2201 vulgarem
830 2121 986 2183 scientiae
998 2119 1136 2184 sormam
1147 2129 1181 2184 et
1197 2121 1358 2186 rationem

207 2219 355 2302 integrae
371 2239 451 2301 prae
466 2241 502 2284 se
517 2220 635 2286 serunt.

251 2323 302 2387 At
321 2325 416 2406 primi
440 2333 473 2388 et
495 2324 714 2408 antiquissimi
735 2326 883 2391 veritatis
903 2325 1122 2409 inquisitores,
1138 2327 1272 2391 meliore
1292 2327 1358 2391 fide

208 2437 243 2493 et
268 2429 346 2502 sato,
372 2429 594 2511 cognitionem
621 2429 720 2508 illam,
744 2452 845 2514 quam
872 2452 915 2494 ex
943 2440 1051 2494 rerum
1078 2431 1358 2512 contemplatione

209 2533 393 2614 decerpere,
414 2541 448 2595 et
467 2532 499 2595 in
522 2554 618 2597 usum
640 2535 816 2598 recondere
838 2535 1038 2613 statuebant,
1061 2534 1094 2597 in
1116 2532 1357 2615 aphorismos⁴⁶,

208 2635 278 2698 sive
303 2635 419 2699 breves
445 2636 644 2720 easdemque
671 2658 800 2719 sparsas
827 2658 887 2702 nec
914 2638 1071 2701 methodo
1098 2638 1259 2702 revinctas
1285 2657 1359 2700 sen·

208 2740 339 2817 tentias,
362 2738 522 2819 conjicere
545 2742 715 2820 solebant;
746 2762 853 2824 neque
875 2762 910 2805 se
932 2751 1036 2805 artem
1059 2740 1244 2804 universam
1268 2762 1358 2805 com-

208 2842 309 2926 plecti
339 2843 538 2907 simulabant
567 2855 625 2909 aut
654 2845 901 2927 profitebantur.
946 2845 996 2908 At
1026 2865 1065 2908 eo
1095 2865 1162 2927 quo
1192 2865 1277 2908 nunc
1308 2866 1359 2908 res

209 2947 318 3029 agitur
342 2945 453 3023 modu,
481 2948 615 3013 minime
642 2951 760 3013 mirum
783 2958 841 3028 est,
864 2949 891 3012 si
914 2948 1064 3012 homines
1087 2948 1120 3010 in
1143 2949 1180 3011 iis
1206 2946 1360 3011 ulteriora

209 3069 275 3112 non
298 3059 466 3131 quaerant,
489 3072 575 3134 quae
596 3074 656 3136 pro
679 3053 831 3136 perlectis
854 3062 887 3117 et
910 3052 1052 3116 numeris
1074 3052 1140 3115 suis
1158 3051 1360 3135 jampridem

208 3151 368 3217 absolutis
385 3152 568 3216 traduntur.

677 3285 892 3352 LXXXVII.

254 3403 367 3467 Etiam
383 3401 519 3487 antiqua
534 3426 691 3489 magnum
708 3406 962 3471 existimationis
977 3416 1011 3471 et
1027 3405 1103 3470 fidei
1122 3407 1360 3471 incrementum

210 3517 408 3589 acceperunt
437 3529 482 3571 ex
506 3530 619 3572 eorum
645 3510 793 3574 vanitate
820 3520 853 3574 et
877 3509 1020 3585 levitate,
1044 3511 1099 3592 qui
1124 3531 1209 3573 nova
1238 3531 1360 3592 propo-

210 3621 363 3689 suerunt;
390 3613 583 3693 praesertim
605 3613 637 3674 in
655 3613 884 3696 philosophiae
904 3614 1063 3676 naturalis
1082 3622 1176 3694 parte
1195 3614 1303 3676 activa
1327 3619 1361 3674 et

210 3713 422 3796 operativaffl.
481 3714 600 3797 Neque
629 3717 717 3778 enim
748 3716 921 3779 defuerunt
951 3715 1101 3779 homines
1129 3715 1297 3796 vaniloqui
1328 3722 1361 3776 et

245 3881 268 3914 ⁴⁶
287 3885 332 3937 On
350 3884 397 3938 the
416 3883 579 3954 advantages
598 3883 630 3938 of
651 3885 699 3937 the
718 3883 875 3953 Aphoristic
894 3899 961 3936 over
977 3884 1025 3937 the
1047 3881 1191 3936 Methodic
1209 3888 1362 3936 treatment

210 3965 243 4020 of
259 3984 275 4021 a
289 3968 398 4021 science
415 3967 504 4021 which
522 3968 543 4021 is
560 3968 614 4021 still
632 3969 661 4021 in
678 3969 711 4019 its
727 3966 843 4034 growth‚
861 3983 905 4034 cp.
924 3965 969 4019 De
982 3965 1151 4032 hugmentis
1164 3966 1209 4019 lib.
1223 3966 1257 4018 vi.
1271 3981 1330 4034 cap.
1345 3983 1358 4017 r

211 4049 256 4119 (E.
270 4051 324 4105 and
338 4053 373 4119 S.,
386 4068 430 4121 pp.
445 4051 553 4121 665-6)‚
567 4051 659 4104 where
672 4049 766 4104 Bacon
778 4047 801 4103 is
812 4049 867 4102 still
880 4048 959 4102 fuller
971 4048 1025 4103 and
1038 4065 1115 4102 more
1127 4049 1239 4118 explicit
1251 4049 1318 4102 than
1334 4051 1361 4102 in

210 4134 264 4186 this
276 4151 394 4202 passage.

247 4218 280 4270 ln
298 4219 429 4288 speaking
449 4216 482 4270 of
500 4217 548 4271 the
568 4217 664 4286 ‘primi
685 4221 715 4270 et
735 4215 913 4286 antiquissimi
932 4215 1055 4269 veritatis
1074 4215 1266 4284 InquisitoreS,’
1287 4213 1362 4269 heis

210 4301 343 4370 probably
364 4300 490 4368 thinking
510 4300 542 4355 of
561 4301 754 4370 Hippocrates,
772 4301 835 4355 who
853 4307 941 4354 wrote
961 4300 987 4352 in
1009 4299 1177 4368 Aphorisms,
1201 4316 1230 4352 as
1251 4299 1311 4352 well
1333 4316 1362 4353 as

210 4382 244 4438 oi
257 4385 305 4438 the
324 4385 398 4454 early
416 4384 509 4438 Greek
525 4385 721 4454 philosophus,
735 4383 827 4438 whose
846 4384 960 4437 wisdom
975 4399 1030 4436 was
1048 4382 1194 4436 contained
1212 4381 1239 4434 in
1254 4387 1361 4454 γνῶμαι,

211 4468 373 4535 sententiae,
385 4485 419 4521 or
432 4469 554 4522 maxims.

247 4549 270 4584 ¹⁶
289 4551 310 4606 F
312 4567 346 4606 or
356 4568 373 4608 a
385 4551 488 4606 violent
502 4551 635 4608 iuvactive
647 4551 751 4623 against
763 4552 812 4607 the
825 4551 960 4620 moderas,
974 4547 1027 4607 and
1044 4549 1188 4622 especially
1206 4549 1363 4606 Paracelsus
