3306 5102
359 340 423 428 438
739 347 897 404 aaran
917 348 1134 406 aroanna.

360 523 394 578 et
409 522 522 598 partus
541 511 733 580 animalium
747 511 904 580 biformes
920 521 953 578 et
970 512 1137 580 commisti
1153 534 1198 578 ex
1213 511 1382 597 speciebus
1399 510 1485 576 diver-

358 619 424 698 sis;
446 628 480 684 et
495 617 624 686 similia.

868 721 1003 786 XXXI.

404 846 496 909 Inter
520 844 771 926 praerogativas
803 843 1040 908 instantiarum
1074 863 1237 926 ponemus
1272 841 1400 906 decimo
1430 840 1488 904 loco
1557 829 1559 922 ζ

359 949 542 1012 instantias
569 948 756 1023 PotestatiS,
787 947 856 1011 sive
885 944 1074 1010 Fascium¹³
1100 944 1249 1031 (sumpto
1278 944 1434 1009 vocabulo
1456 943 1489 1005 ab
1559 964 1560 1020 r

359 1052 542 1136 insignibus
563 1049 714 1137 imperii),
735 1072 817 1134 quas
835 1051 936 1116 etiam
957 1051 1105 1132 Ingenia,
1126 1051 1194 1114 sive
1210 1049 1340 1113 Manus
1356 1046 1490 1110 Hominis

359 1156 528 1240 appellare
550 1157 788 1220 consuevimus.
834 1155 906 1218 Eae
929 1165 1007 1220 sunt
1030 1175 1132 1237 opera
1155 1153 1304 1216 maxime
1329 1150 1444 1215 nobilia
1464 1161 1491 1213 et

359 1260 514 1344 perlecta,
535 1269 568 1324 et
590 1269 751 1342 tanquam
773 1258 890 1322 ultima
912 1258 946 1322 iu
969 1278 1167 1341 unaquaque
1187 1265 1268 1322 arte.
1315 1256 1400 1322 Cum
1421 1253 1492 1316 enin
1564 1296 1565 1316 r

359 1365 424 1429 hoc
450 1371 569 1447 agatur
594 1364 769 1448 praecipue
797 1371 834 1427 ut
861 1371 979 1426 natura
1004 1371 1120 1446 pareat
1146 1362 1244 1425 rebus
1269 1369 1304 1425 et
1328 1357 1492 1426 commodis
1565 1364 1567 1446 ᾗ

359 1467 533 1546 humanis;
568 1475 825 1531 consentaneum
856 1474 906 1530 est
936 1485 1077 1548 prorsus,
1107 1473 1144 1528 ut
1172 1485 1283 1548 opera,
1313 1483 1399 1547 quac
1423 1461 1493 1544 jam·
1567 1495 1568 1510 κ

358 1571 487 1654 pridem
509 1571 542 1634 in
562 1579 728 1653 potestate
748 1569 892 1633 hominis
914 1569 1045 1633 suerunt
1068 1565 1176 1654 (quasi
1203 1568 1391 1652 provinciae
1411 1573 1494 1629 antea

358 1683 540 1758 occupatae
562 1683 595 1739 et
617 1671 796 1759 subactae),
819 1682 974 1737 notentur
996 1683 1030 1737 et
1053 1683 1285 1752 numerentur;
1317 1667 1494 1755 praesertim

360 1798 503 1860 eaquae
523 1787 601 1842 sunt
620 1776 768 1841 maxime
787 1776 961 1841 enucleata
978 1786 1012 1840 et
1032 1775 1199 1860 perfecta:
1224 1784 1400 1858 propterea
1419 1773 1494 1856 quod

359 1878 403 1944 ab
418 1881 489 1944 istis
502 1879 678 1962 proclivior
698 1890 732 1945 et
752 1879 859 1963 magis
880 1881 913 1942 in
932 1880 1120 1963 propinquo
1135 1881 1178 1944 sit
1194 1879 1354 1942 transitus
1368 1877 1409 1941 ad
1425 1893 1496 1939 nova

360 1993 395 2047 et
420 1983 580 2048 hactenus
607 2003 673 2047 non
698 1983 842 2048 inventa.
890 1983 926 2048 Si
949 1984 1023 2066 quis
1045 1984 1134 2048 enim
1156 1984 1200 2047 ab
1222 1983 1342 2046 horum
1365 1989 1497 2046 contern-

359 2085 508 2170 platione
532 2095 662 2152 attenta
687 2088 893 2172 propositum
919 2089 1037 2153 acriter
1061 2098 1095 2152 et
1121 2096 1254 2152 strenue
1280 2105 1398 2168 urgere
1424 2082 1499 2158 velit,

359 2189 418 2255 fiet
441 2199 530 2256 certe
555 2199 593 2254 ut
619 2201 678 2255 aut
703 2193 865 2274 producat
892 2191 949 2255 illa
975 2190 1075 2274 paulo
1101 2190 1241 2274 longius,
1267 2198 1327 2254 aut
1358 2186 1498 2255 deflectat

358 2293 417 2357 illa
444 2293 488 2358 ad
518 2293 644 2376 aliquid
674 2297 764 2378 quod
794 2294 972 2359 finitimum
1002 2305 1061 2374 est,
1090 2304 1149 2358 aut
1178 2294 1281 2358 etiam
1307 2292 1450 2377 applicet
1472 2299 1499 2353 et

356 2397 534 2463 transierat
556 2397 612 2461 illa
634 2399 677 2462 ad
702 2419 797 2464 usum
819 2397 964 2480 aliquem
988 2398 1192 2462 nobiliorem.

404 2501 524 2585 Neque
549 2502 602 2567 hic
628 2501 712 2568 finis.
755 2503 881 2566 Verum
906 2502 1188 2585 quemadmodum
1210 2500 1254 2565 ab
1276 2501 1432 2583 operibus
1454 2518 1502 2562 na·

360 2615 454 2670 turae
477 2606 557 2670 raris
584 2615 617 2670 et
641 2605 841 2670 inconsuetis
866 2605 1000 2688 erigitur
1024 2605 1211 2669 intellectus
1236 2614 1269 2669 et
1295 2605 1443 2669 elevatur
1465 2601 1501 2665 ad

361 2710 573 2792 inquirendas
595 2718 629 2774 et
651 2707 865 2774 inveniendas
887 2709 1018 2788 formas,
1042 2730 1127 2792 quae
1149 2709 1250 2774 etiam
1277 2707 1410 2772 illorum
1436 2715 1502 2770 sunt

361 2832 500 2896 capaces
510 2811 545 2892 ¹⁴,
564 2813 610 2878 ita
634 2814 735 2877 etiam
758 2813 791 2877 in
814 2815 968 2896 operibus
989 2813 1070 2878 artis
1093 2814 1232 2897 egregiis
1254 2823 1288 2876 et
1310 2809 1503 2876 admirandis

359 2916 425 2981 hoc
446 2917 633 2994 usu-venit;
656 2915 757 2998 idque
779 2917 885 2980 multo
908 2917 1032 2998 magis3
1056 2917 1134 2998 quia
1157 2917 1275 2980 modus
1298 2915 1457 2979 efficiendi
1475 2921 1503 2976 et

362 3018 522 3103 operandi
546 3018 738 3101 hujusmodi
762 3020 919 3084 miracula
944 3021 1025 3084 artis
1051 3019 1244 3084 manifestus
1271 3029 1308 3085 ut
1334 3018 1504 3102 plurimum

363 3131 422 3200 est,
446 3141 522 3185 cum
545 3122 727 3204 plerunque
751 3123 785 3186 in
810 3123 975 3188 miraculis
996 3133 1134 3187 naturae
1157 3124 1199 3187 sit
1219 3123 1325 3206 magis
1347 3124 1504 3187 obscurus.

362 3222 528 3287 Attamen
554 3225 588 3287 in
610 3223 663 3287 his
687 3225 767 3307 ipsis
791 3227 901 3290 cautio
926 3235 976 3290 est
1000 3225 1188 3290 adhibenda
1212 3227 1265 3291 vel
1289 3226 1445 3305 maxime,
1470 3244 1505 3287 ne

363 3325 550 3409 deprimant
567 3325 690 3390 scilicet
706 3327 910 3393 intellectum
926 3339 960 3395 et
975 3351 1053 3395 eum
1068 3331 1161 3413 quasi
1176 3330 1279 3394 humo
1295 3330 1441 3412 affigant.

405 3429 591 3494 Periculum
622 3429 710 3494 enim
737 3439 796 3510 est,
824 3453 865 3496 ne
890 3454 950 3517 per
973 3433 1164 3517 hujusmodi
1190 3454 1291 3516 opera
1315 3435 1405 3512 artis,
1429 3451 1507 3515 quae

362 3534 515 3600 videntur
546 3532 636 3599 velut
669 3536 879 3602 summitates
909 3539 1074 3624 quaedam
1104 3548 1139 3604 et
1168 3539 1300 3621 fastigia
1334 3537 1507 3602 industriae

396 3857 420 3890 ³³
439 3858 532 3914 These
545 3861 681 3915 instances
693 3877 741 3916 are
753 3862 898 3916 evidences
914 3860 947 3916 of
961 3862 1046 3915 man’s
1062 3877 1165 3931 power,
1178 3861 1259 3930 being
1273 3862 1338 3917 ‘the
1351 3871 1423 3918 most
1436 3861 1510 3918 noble

363 3941 417 3996 and
437 3940 545 4010 perfect
564 3944 627 4012 aud,
647 3961 676 3998 as
697 3945 719 3998 it
740 3960 822 4012 were,
839 3951 1028 3999 consummate
1048 3946 1228 4014 productione
1247 3947 1276 4000 in
1295 3946 1364 4001 each
1383 3949 1445 4001 art.'
1487 3945 1510 3997 lt

362 4024 455 4079 would
472 4025 509 4080 be
526 4027 632 4080 endless
650 4033 681 4081 to
699 4027 805 4082 adduce
824 4037 921 4083 recent
938 4029 1084 4098 examples,
1105 4029 1174 4082 such
1192 4045 1221 4082 as
1240 4029 1287 4083 the
1304 4037 1392 4084 steam
1410 4030 1511 4098 englne,

363 4108 430 4164 with
455 4109 491 4162 its
519 4125 601 4180 many
625 4111 811 4181 applications,
835 4112 883 4167 the
907 4112 1021 4168 electric
1044 4112 1194 4182 telegraph‚
1217 4112 1394 4182 chloroform,
1417 4114 1510 4183 photo-

363 4191 476 4262 graphy,
491 4192 542 4247 dre.

400 4273 421 4308 ¹⁴
439 4275 557 4330 ‘Which
576 4292 624 4331 are
643 4278 755 4346 capable
777 4277 809 4332 of
826 4279 967 4346 including
986 4278 1065 4333 them
1084 4279 1160 4334 also.'
1205 4279 1251 4332 He
1273 4295 1368 4333 means
1388 4280 1449 4334 that
1468 4277 1511 4333 the

363 4358 445 4428 study
463 4358 495 4413 of
516 4359 593 4413 these
611 4375 673 4414 rare
690 4361 745 4414 and
765 4362 880 4415 unusual
900 4362 992 4416 works
1008 4360 1041 4416 of
1059 4368 1157 4416 nature
1178 4360 1252 4415 leads
1271 4368 1302 4415 to
1320 4379 1337 4416 a
1356 4362 1511 4430 knowledge

363 4440 396 4494 of
404 4441 452 4494 the
466 4442 573 4511 Forms,
587 4443 674 4498 which
687 4445 752 4515 they
764 4444 910 4516 exemplify
923 4445 951 4500 in
964 4462 980 4500 a
992 4461 1070 4500 more
1082 4462 1116 4500 or
1127 4446 1180 4500 less
1191 4445 1314 4516 pecrdiar
1326 4461 1451 4503 manner.
