3346 5104
672 441 753 497 tra.
775 443 801 497 J.
825 433 876 500 66.
1287 451 1349 521 243

200 638 266 700 que
290 619 396 704 magis
420 620 502 686 haec
528 621 658 686 vanitas
683 621 863 688 inhibenda
885 623 984 703 venit,
1003 633 1037 689 et
1060 621 1249 700 coercenda,
1273 625 1350 706 quia

200 742 245 784 ex
262 725 447 788 divinorum
463 735 497 789 et
511 725 732 789 humanorum
749 728 917 792 malesana
938 729 1137 792 admistione
1153 747 1219 789 non
1242 728 1349 790 solum

202 825 353 892 educitur
375 828 585 912 philosophia
607 829 824 912 phantastica,
838 833 899 896 sed
923 833 1023 896 etiam
1047 831 1160 913 religio
1175 829 1350 894 haeretica.

202 929 321 1013 Itaque
343 933 487 997 salutare
510 933 692 998 admodum
715 945 775 1014 est,
799 935 826 998 si
852 946 963 1000 mente
987 936 1095 1000 sobria
1119 935 1197 999 fidei
1219 943 1350 999 tantum

200 1033 322 1098 dentur
337 1057 423 1119 quae
440 1036 517 1100 fidei
532 1046 619 1100 sunt.

713 1154 840 1220 LXVI.

243 1269 289 1334 Et
314 1274 357 1336 de
382 1274 476 1338 malis
505 1274 763 1338 authoritatibus
795 1274 1086 1359 philosophiarum,
1113 1297 1199 1358 quae
1229 1284 1287 1340 aut
1316 1274 1350 1338 in

199 1373 390 1456 vrrigraribus
409 1379 597 1458 notionibus,
613 1388 671 1443 aut
692 1379 725 1443 in
735 1382 852 1460 paucis
867 1382 1099 1462 experimenta,
1113 1389 1171 1444 aut
1190 1381 1223 1444 in
1242 1391 1351 1462 super·

198 1481 328 1543 stitione
349 1481 506 1547 fundatae
526 1493 612 1558 sunt,
635 1483 850 1564 jamdictum
869 1494 927 1550 est.
974 1485 1162 1548 Dicendum
1181 1505 1279 1567 porro
1300 1492 1351 1548 est

200 1592 233 1647 et
248 1585 291 1647 de
305 1586 424 1650 vitiosa
440 1589 577 1652 materia
597 1590 916 1673 contemplationum
927 1589 963 1669 ⁴³,
979 1591 1171 1672 praesertim
1193 1589 1225 1652 in
1244 1588 1350 1671 philo·

199 1689 317 1770 sophia
350 1692 500 1757 naturali.
547 1693 697 1757 Inficitur
732 1705 844 1759 autem
878 1695 1066 1760 intellectus
1104 1693 1268 1758 humanus
1306 1709 1350 1755 ex

199 1793 318 1857 intuitu
345 1815 569 1880 eorumquae
595 1799 629 1861 in
659 1798 785 1862 artibus
818 1800 1016 1864 mechanicis
1041 1798 1133 1877 liunt,
1166 1799 1199 1860 in
1229 1796 1350 1879 quibus

199 1914 335 1979 corpora
368 1919 427 1981 per
460 1903 717 1984 compositiones
754 1914 811 1966 aut
849 1904 1072 1985 separationes
1107 1911 1143 1966 ut
1172 1901 1351 1984 plurimum

199 1999 399 2082 alterantur3
423 2012 460 2067 ut
475 2006 598 2089 cogitet
616 2007 723 2071 simile
744 2009 903 2090 quiddam
923 2009 1022 2072 etiam
1045 2007 1079 2070 in
1100 2015 1219 2071 natura
1239 2025 1351 2069 rerum

201 2104 374 2168 universali
387 2106 456 2171 freri
466 2107 501 2173 ⁴⁴.
549 2110 649 2174 Unde
662 2111 759 2176 fluxit
771 2120 997 2175 commentum
1009 2111 1089 2174 illud
1103 2110 1350 2184 elementorum,

199 2374 302 2429 Verum
321 2377 473 2432 istiusmodi
491 2377 616 2432 homines
634 2395 688 2433 non
709 2378 735 2430 id
754 2383 936 2446 assequuntur
950 2379 1026 2447 quod
1042 2378 1151 2446 volunt3
1170 2374 1352 2447 nequeenim

198 2458 342 2528 honorem,
361 2469 393 2516 ut
415 2469 522 2531 putant,
543 2463 687 2532 scripturis
709 2461 855 2530 delemnt;
881 2462 930 2516 sed
952 2463 1062 2516 easdem
1082 2463 1173 2531 potius
1194 2460 1352 2528 deprimunt

198 2551 228 2596 et
246 2544 380 2612 polluunt.
418 2548 534 2601 Coelum
552 2548 626 2602 enim
643 2547 819 2600 materiatum
831 2551 861 2599 et
872 2553 974 2600 terram
988 2547 1034 2616 qui
1053 2547 1080 2599 in
1093 2544 1186 2599 Verbo
1199 2543 1254 2597 Dei
1267 2557 1351 2610 quae·

198 2627 292 2681 siverit
314 2628 360 2696 (de
380 2647 436 2699 quo
456 2630 561 2684 dictum
581 2637 638 2698 est3
658 2631 759 2684 Caelum
778 2641 803 2684 et
821 2633 900 2684 terra
917 2629 1117 2699 pertransibunt,
1138 2628 1244 2682 Verbum
1265 2636 1352 2680 autem

199 2732 281 2766 meum
295 2733 342 2767 non
349 2713 541 2786 pertransibit),
554 2716 576 2768 is
592 2731 657 2768 sane
671 2714 828 2767 transitoria
840 2712 914 2766 inter
926 2718 1037 2766 aeterna
1050 2718 1156 2765 temere
1169 2707 1352 2779 persequitur.

147 2847 155 2862 ,
199 2796 441 2865 Quemadmodum
460 2799 534 2852 enim
548 2798 729 2866 Theologiam
749 2797 776 2850 in
789 2796 964 2864 Philosophia
976 2810 1118 2864 quaerere,
1130 2793 1245 2863 perinde
1262 2798 1306 2846 est
1317 2805 1351 2844 ac

198 2879 221 2931 si
239 2880 314 2932 vivos
332 2897 449 2949 quaeras
467 2883 540 2936 inter
557 2888 698 2946 mortuos;
724 2881 795 2935 itae
812 2888 910 2934 contra
929 2879 1132 2947 Philosophiam
1151 2878 1179 2931 in
1197 2874 1352 2942 Theologia

198 2977 340 3031 quaerere,
354 2981 409 3019 non
422 2966 495 3019 aliud
507 2973 550 3020 est
563 2982 646 3034 quam
660 2972 786 3019 mortuos
797 2979 931 3034 quaerere
943 2965 1016 3016 inter
1029 2962 1120 3017 viros’

234 3045 289 3099 We
311 3055 384 3101 must
403 3049 535 3103 recollect
553 3050 613 3104 that
634 3049 797 3103 sentiments
818 3047 850 3101 of
868 3048 922 3101 this
943 3046 1017 3113 kind,
1034 3045 1123 3100 which
1144 3043 1211 3099 with
1233 3059 1264 3097 us
1282 3041 1351 3098 have

197 3127 315 3184 become
336 3133 578 3200 common-places,
597 3149 671 3186 were
692 3133 720 3185 in
740 3132 856 3185 Bacon’s
876 3131 945 3184 time
965 3129 1044 3183 novel
1069 3129 1124 3182 and
1147 3128 1247 3182 almost
1271 3141 1351 3194 para-

198 3211 317 3269 doxical.
360 3214 424 3269 The
444 3223 564 3284 attempt
583 3223 614 3270 to
637 3216 692 3270 lind
714 3232 730 3269 a
751 3216 869 3268 solution
891 3213 924 3267 of
941 3213 1074 3268 scientific
1093 3211 1234 3282 questions
1254 3210 1281 3263 in
1300 3210 1351 3266 the

199 3297 362 3365 Scriptores,
379 3300 435 3352 and
452 3300 500 3353 the
522 3301 642 3368 practice
658 3298 692 3354 of
707 3298 840 3368 opposing
853 3298 1002 3365 Scriptural
1015 3297 1156 3364 authority
1168 3302 1200 3349 to
1217 3293 1351 3348 scientific

197 3381 378 3448 conclusions,
391 3381 459 3436 hare
477 3382 572 3452 hardly
584 3399 653 3437 even
672 3390 718 3452 yet
736 3383 853 3437 become
871 3382 1012 3449 obsolete;
1030 3381 1090 3447 but,
1103 3381 1130 3432 in
1144 3378 1262 3434 Bacon's
1273 3377 1351 3443 time,

197 3463 264 3532 they
276 3481 349 3518 were
362 3465 410 3518 the
423 3466 490 3533 rule,
502 3467 583 3521 while
594 3467 662 3520 with
674 3483 705 3520 us
717 3466 785 3535 they
797 3481 844 3520 are
857 3466 905 3518 the
918 3466 1073 3534 exception.

233 3545 257 3578 ⁴³
276 3549 323 3601 He
344 3566 408 3603 now
427 3565 516 3617 passes
539 3549 613 3604 from
633 3567 783 3605 erroneous
802 3549 899 3603 modes
917 3548 950 3603 ol
971 3546 1189 3618 philosophising‚
1210 3542 1351 3613 sophistic,

198 3632 322 3700 empiric,
346 3632 400 3686 and
430 3635 628 3702 superstitious,
652 3640 684 3687 to
709 3633 838 3688 fictitious
868 3649 901 3687 or
931 3631 1092 3687 ill-selected
1116 3630 1224 3699 objects
1249 3626 1281 3681 ol
1308 3628 1351 3680 in-

196 3715 370 3781 vestigation,
383 3717 449 3770 such
469 3733 498 3770 as
516 3717 617 3787 typical
635 3716 730 3785 sonus,
744 3715 853 3786 specific
872 3717 984 3782 virtues,
1003 3715 1096 3769 occult
1113 3710 1276 3782 properties,
1295 3710 1350 3764 and

197 3798 247 3851 the
259 3798 323 3852 like.

233 3879 257 3912 ⁴⁴
274 3882 345 3935 This
357 3899 436 3937 error
448 3885 563 3938 consists
578 3885 606 3937 in
618 3882 764 3952 supposing
778 3883 839 3936 that
853 3881 887 3935 all
906 3879 954 3933 the
970 3895 1111 3948 processes
1127 3875 1160 3931 of
1173 3881 1269 3928 nature
1288 3888 1352 3942 may

196 3965 232 4018 be
251 3966 395 4034 explained
413 3968 510 4036 hythe
528 3967 590 4021 idea
608 3967 641 4021 ot
656 3965 828 4020 Mechanical
842 3963 1041 4032 Composition.
1078 3961 1122 4014 On
1142 3959 1190 4012 the
1207 3955 1351 4011 confusion

196 4049 325 4102 between
350 4050 484 4105 chemical
508 4052 563 4105 and
588 4049 756 4106 mechanical
778 4046 970 4117 composition,
991 4045 1040 4099 the
1061 4043 1174 4098 student
1193 4055 1256 4106 may
1277 4037 1352 4096 refer

197 4139 228 4184 to
241 4133 325 4186 Mill's
338 4133 433 4201 Logic,
446 4133 491 4189 bk.
505 4134 541 4188 iii.
554 4133 599 4188 ch.
612 4136 638 4187 6.
676 4133 783 4197 Hence,
796 4147 858 4199 says
871 4130 972 4195 Bacon‚
985 4129 1034 4181 has
1050 4128 1139 4180 arisen
1155 4123 1203 4178 the
1215 4122 1309 4175 fiction
1322 4119 1356 4175 of

196 4216 368 4285 elementary
381 4218 515 4286 qualities.
552 4216 646 4272 These
659 4231 732 4269 were
745 4213 925 4268 enumerated
937 4211 974 4281 by
983 4212 1031 4266 the
1042 4207 1231 4279 Peripatetics,
1244 4203 1352 4258 follow·

196 4299 243 4366 ing
259 4301 402 4367 Aristotle,
419 4319 448 4354 as
465 4301 516 4355 hot
533 4301 586 4354 and
604 4301 676 4367 cold,
691 4300 742 4368 dry
761 4297 815 4352 and
833 4297 924 4352 moist.
961 4295 1026 4348 The
1044 4294 1107 4348 four
1125 4293 1260 4346 elements
1277 4303 1352 4342 were

194 4383 332 4451 supposed
350 4389 381 4438 to
399 4386 484 4438 result
501 4383 575 4438 from
587 4382 787 4438 combinatione
804 4381 836 4436 ol
851 4381 929 4434 these
941 4380 1109 4446 elementary
1121 4373 1254 4444 qualities,
1267 4371 1352 4426 taken

195 4471 253 4520 two
265 4467 320 4521 and
333 4475 390 4522 two
401 4469 539 4535 together.
575 4468 655 4521 Thus
670 4467 719 4521 tire
732 4467 754 4520 is
766 4464 935 4521 constituted
948 4463 985 4533 by
996 4463 1045 4518 the
1057 4457 1245 4516 combination
1258 4457 1290 4510 of
1302 4456 1351 4510 hot

194 4550 251 4604 and
263 4551 328 4620 dry;
347 4559 435 4606 water
453 4553 490 4623 by
504 4551 565 4605 that
582 4551 615 4605 of
629 4551 692 4606 cold
711 4551 765 4604 and
784 4550 876 4616 moist,
895 4548 949 4602 and
967 4564 999 4601 so
1020 4563 1066 4602 on.
1103 4545 1160 4600 Out
1176 4541 1208 4597 of
1221 4541 1270 4596 the
1288 4539 1352 4596 four

741 4651 808 4706 Ra
