3308 5106
307 407 368 474 168
654 417 728 474 DIS
732 417 927 474 TRIBUTIO
948 417 1109 476 OPERIS.

304 580 442 647 intersit.
485 579 575 644 Nam
597 588 631 644 et
651 578 722 661 ipsa
739 579 795 643 illa
813 578 921 662 logica
935 579 1078 662 vulgaris
1093 579 1216 644 auxilia
1237 587 1270 644 et
1293 577 1456 662 praesidia

304 682 485 750 intellectui
507 681 613 746 moliri
632 703 671 746 ac
687 702 803 765 parare
823 683 1016 766 profitetur:
1045 693 1079 747 et
1099 683 1133 747 in
1152 683 1215 748 hoc
1235 703 1302 746 uno
1320 702 1455 747 consen·

304 789 401 854 tiunt.
445 786 567 850 Differt
587 795 700 849 autem
721 784 818 868 plane
836 807 856 849 a
871 785 998 868 vulgari
1019 785 1116 850 rebus
1136 787 1311 868 praecipue
1331 785 1454 850 tribus:

301 893 364 958 viz.
380 894 452 975 ipso
467 891 541 965 line,
557 889 672 953 ordine
687 889 946 965 demonstrandi,
964 899 998 953 et
1013 873 1196 971 inquirendi
1212 889 1320 954 initiis

347 995 437 1058 Nam
458 995 533 1058 huic
553 1003 683 1059 nostrae
703 993 860 1056 scientiae
878 992 952 1056 finis
972 993 1174 1075 proponitur,
1189 1002 1228 1056 ut
1248 992 1454 1057 inveniantur

303 1118 369 1162 non
385 1107 579 1180 argumenta
599 1099 657 1162 sed
678 1107 775 1171 artes,
792 1116 853 1160 nec
875 1096 1042 1179 principiis
1063 1107 1286 1161 consentanea
1305 1098 1363 1160 sed
1383 1098 1454 1178 ipsa

302 1202 471 1285 principia,
487 1222 547 1266 nec
567 1201 710 1266 rationes
729 1199 916 1283 probabiles
939 1200 998 1264 sed
1017 1200 1262 1282 designationes
1278 1209 1311 1263 et
1330 1199 1454 1264 indica·

301 1305 410 1370 tiones
435 1305 591 1388 Operum.
637 1306 757 1387 Itaque
784 1325 829 1368 ex
856 1302 1039 1367 intentione
1069 1303 1198 1368 diversa
1226 1303 1374 1366 diversus
1402 1323 1453 1366 se·

303 1409 414 1490 quitur
436 1409 581 1474 effectus.
626 1408 699 1472 Illic
722 1407 810 1472 enim
836 1407 1040 1470 adversarius
1066 1407 1292 1489 disputatione
1314 1407 1455 1471 vincitur

302 1522 336 1576 et
351 1512 604 1594 constringitur;
634 1512 688 1576 hic
703 1521 828 1588 natura,
843 1530 952 1594 opere.

345 1615 462 1700 Atque
491 1637 567 1681 curn
596 1615 786 1698 hujusmodi
811 1615 877 1678 fine
907 1614 1106 1679 conveniunt
1133 1613 1452 1679 demonstrationum

300 1718 448 1802 ipsarum
474 1729 591 1784 natura
617 1729 651 1783 et
676 1720 768 1783 ordo.
814 1719 854 1781 In
879 1718 985 1802 logica
1008 1717 1096 1782 enim
1118 1718 1244 1801 vulgari
1266 1739 1366 1801 opera
1386 1718 1453 1783 lere

302 1823 452 1888 universa
468 1822 552 1888 circa
573 1823 813 1907 Syllogismum
834 1823 1047 1887 consumitur.
1092 1822 1146 1886 De
1163 1822 1358 1886 Inductione
1375 1843 1452 1887 vero

302 1927 475 1992 Dialectici
501 1927 559 1992 vix
583 1927 668 1992 serio
698 1928 860 2010 cogitasse
885 1925 1059 2004 videntur3
1093 1925 1158 1990 levi
1184 1927 1351 1990 mentione
1377 1946 1451 1989 eam

300 2032 572 2110 transmittentes,
595 2041 629 2096 et
655 2031 699 2096 ad
725 2030 915 2112 disputandi
945 2028 1102 2094 formulas
1132 2038 1354 2113 properantes.
1400 2029 1451 2094 At

301 2155 362 2199 nos
384 2135 699 2200 demonstrationem
726 2155 785 2217 per
806 2133 1036 2216 syllogismum
1060 2131 1234 2215 rejicimus,
1257 2133 1346 2215 quod
1374 2153 1451 2197 con·

300 2235 403 2302 fusius
429 2249 515 2320 agat,
538 2246 571 2304 et
598 2249 749 2302 naturam
776 2239 908 2302 emittat
934 2258 954 2301 e
980 2237 1142 2301 manibus.
1186 2236 1336 2301 Tametsi
1362 2237 1450 2301 enim

300 2342 422 2405 nemini
455 2342 592 2407 dubium
623 2363 695 2406 esse
727 2343 833 2425 possit
862 2343 950 2425 quin,
981 2362 1067 2425 quae
1099 2343 1134 2406 in
1169 2343 1279 2407 medio
1308 2343 1451 2407 termino

299 2447 507 2525 conveniunt,
524 2467 563 2510 ea
580 2456 614 2510 et
631 2446 716 2510 inter
733 2467 769 2510 se
789 2447 985 2510 conveniant
1001 2443 1104 2531 (quod
1128 2456 1178 2511 est
1198 2445 1451 2512 mathematicae

299 2548 478 2630 cujusdam·
496 2545 733 2635 certitudinis):
757 2547 968 2613 nihilominus
988 2547 1053 2614 hoc
1075 2549 1189 2614 subest
1211 2550 1343 2626 fraudis,
1359 2551 1448 2634 quod

299 2653 510 2735 syllogismus
530 2675 575 2716 ex
598 2652 875 2736 propositionibus
896 2662 1033 2731 constet,
1053 2653 1293 2736 propositiones
1315 2674 1360 2717 ex
1378 2675 1449 2718 ver·

299 2753 358 2834 bis,
373 2756 474 2820 verba
494 2766 607 2821 autem
628 2756 801 2820 notionum
824 2765 968 2820 tesserae
990 2765 1024 2820 et
1046 2756 1140 2839 signa
1162 2757 1235 2821 sint.
1282 2757 1400 2840 Itaque
1422 2758 1449 2821 si

299 2859 452 2922 notiones
478 2859 568 2942 ipsae
591 2859 712 2922 mentis
734 2854 833 2944 (quae
854 2860 1028 2924 verborum
1051 2860 1145 2941 quasi
1171 2861 1281 2926 anima
1307 2871 1392 2940 sunt,
1416 2872 1451 2925 et

298 2961 401 3025 totius
422 2961 611 3044 hujusmodi
629 2971 812 3026 structurae
831 2982 870 3026 ac
890 2961 1032 3027 fabricae
1051 2958 1154 3050 basis)
1170 2964 1310 3028 maleae
1326 2973 1451 3029 temere

299 3085 319 3128 a
346 3064 444 3129 rebus
469 3066 665 3142 abstractae,
689 3074 724 3130 et
744 3086 857 3148 vagae,
881 3086 941 3131 nec
965 3068 1045 3131 satis
1072 3067 1228 3133 definitae
1253 3078 1287 3132 et
1313 3069 1450 3133 circum·

298 3167 449 3250 scriptae,
470 3168 613 3250 denique
636 3169 748 3232 multis
770 3170 877 3233 modis
899 3171 1036 3235 vitiosae
1058 3171 1186 3247 suerint,
1208 3172 1320 3236 omnia
1342 3182 1450 3238 ruunt

300 3270 481 3352 Rejicimus
503 3271 602 3354 igitur
627 3272 875 3354 syllogismum3
903 3294 1011 3356 neque
1037 3274 1070 3338 id
1094 3275 1202 3338 solum
1225 3275 1334 3358 quoad
1360 3277 1449 3359 prin·

299 3375 385 3457 cipia
407 3370 463 3460 (ad
486 3395 572 3458 quae
593 3396 653 3440 nec
676 3376 723 3439 illi
745 3397 818 3441 eam
841 3373 1014 3465 adhibent)
1037 3379 1095 3442 sed
1118 3379 1218 3444 etiam
1241 3380 1351 3462 quoad
1374 3401 1449 3462 pro·

298 3479 478 3562 positiones
501 3479 636 3556 medias,
659 3501 742 3563 quas
764 3481 874 3544 educit
896 3501 976 3545 sane
997 3489 1098 3563 atque
1121 3482 1260 3564 parturit
1282 3493 1449 3565 utcunque

298 3581 518 3665 syllogismus,
545 3583 603 3648 sed
634 3603 772 3664 operum
798 3583 925 3647 steriles
954 3593 988 3648 et
1018 3604 1038 3647 a
1068 3585 1212 3667 practica
1241 3595 1385 3650 remotas
1414 3596 1448 3651 et

297 3685 397 3768 plane
433 3686 544 3768 quoad
583 3695 713 3768 partem
749 3687 891 3752 activam
930 3687 1140 3752 scientiarum
1177 3688 1449 3772 incompetentes.

298 3787 460 3872 Quamvis
480 3789 580 3870 igitur
600 3789 823 3872 relinquamus
840 3789 1035 3873 syllogismo
1049 3799 1084 3855 et
1104 3789 1293 3872 hujusmodi
1310 3791 1448 3858 demon·

297 3893 511 3956 strationibus
532 3891 669 3956 famosis
690 3913 729 3958 ac
748 3892 883 3976 jactatis
902 3894 1162 3975 jurisdictionem
1181 3895 1214 3958 in
1234 3905 1322 3961 artes
1343 3917 1448 3980 popu·

296 3996 382 4060 lares
397 4004 430 4059 et
445 3996 628 4078 opinabiles
643 3991 702 4081 (nil
718 3997 806 4061 enim
823 3997 856 4059 in
877 3997 939 4062 hac
954 4007 1049 4080 parte
1065 3994 1259 4084 movemus),
1275 4009 1388 4064 tamen
1403 4003 1447 4066 ad

296 4109 449 4163 naturam
465 4119 573 4162 rerum
590 4099 786 4164 Inductione
806 4120 865 4182 per
885 4100 1005 4180 omnia,
1020 4110 1054 4165 et
1070 4110 1139 4164 tam
1156 4103 1199 4166 ad
1215 4104 1358 4168 minores
1372 4123 1448 4185 pro·

294 4205 475 4287 positiones
497 4224 598 4287 quam
619 4206 662 4268 ad
685 4203 834 4286 majores,
850 4207 982 4270 utimur.
1026 4205 1248 4272 Inductionem
1263 4211 1351 4272 enim
1371 4230 1447 4274 cen·

297 4329 407 4373 semus
422 4327 496 4371 eam
514 4328 585 4372 esse
602 4307 851 4372 demonstrandi
867 4309 1017 4389 formam,
1033 4331 1119 4393 quae
1134 4331 1266 4376 sensum
1285 4321 1396 4378 tuetur
1413 4323 1448 4378 et

295 4422 446 4476 ntturam
463 4411 583 4494 premit
600 4421 633 4475 et
648 4411 802 4493 operibus
818 4411 970 4478 imminet
986 4434 1024 4478 ac
1039 4414 1107 4478 sere
1123 4415 1334 4481 immiscetur.

339 4515 459 4597 Itaque
474 4515 555 4579 ordo
570 4535 703 4597 quoque
718 4515 965 4582 demonstrandi
984 4517 1082 4600 plane
1097 4519 1276 4585 invertitur.
1322 4517 1454 4586 Adhuc.
