3308 5106
574 461 848 522 orsrnmvrro
872 463 1030 518 orama.
1317 456 1377 538 1⁶7

271 623 468 690 Partitiones
491 634 605 690 tamen
621 625 850 692 'Scientiarum
881 626 1077 691 adhibemus
1108 647 1173 706 eas,
1186 633 1282 711 'qua‘e
1312 645 1378 692 non

225 735 358 791 tantum
377 729 449 810 jam
472 729 606 794 inventa
627 739 661 795 et
683 739 772 808 nota,
790 731 849 794 sed
871 729 1031 793 hactenus
1054 732 1176 795 omissa
1200 742 1234 796 et
1257 732 1378 808 debita,

226 831 498 914 complectantur.
554 832 689 897 Etenim
722 833 931 896 inveniuntur
959 834 993 896 in
1025 833 1126 915 globo
1157 834 1379 912 intellectuali,

226 937 509 1014 quemadmodum
526 937 559 1000 in
574 937 726 1014 terrestri,
741 946 775 999 et
790 936 879 1000 culta
894 936 1016 1018 pariter
1030 945 1064 1000 et
1079 937 1217 1003 deserta.
1259 938 1379 1020 Itaque

226 1036 272 1098 nil
298 1039 417 1103 mirum
439 1040 541 1104 videri
568 1041 679 1114 debet,
701 1040 729 1102 si
751 1061 771 1103 a
794 1039 1007 1103 divisionibus
1030 1040 1159 1104 usitatis
1181 1041 1380 1124 quandoque

226 1143 429 1208 recedamus.
474 1142 632 1226 Adjectio
655 1144 752 1221 enim,
773 1143 854 1206 dum
879 1151 989 1206 totum
1012 1144 1126 1221 variat,
1146 1146 1246 1208 etiam
1269 1155 1379 1228 partes

227 1263 409 1327 earumque
435 1247 597 1311 sectiones
623 1248 807 1311 necessario
831 1248 955 1311 variat:
988 1256 1139 1328 receptae
1161 1258 1274 1312 autem
1297 1249 1379 1312 divi·

226 1348 336 1411 siones
354 1361 508 1433 receptae
530 1371 679 1414 summae
699 1352 919 1430 scientiarum,
934 1351 1040 1433 qualis
1063 1371 1149 1415 nunc
1173 1360 1379 1431 certantum

227 1463 431 1534 competunt.

273 1555 367 1620 Circa
383 1577 422 1620 ea
436 1579 515 1622 vero
530 1579 615 1641 quae
633 1579 692 1622 ceu
713 1558 835 1623 omissa
856 1558 1052 1637 notabimus,
1069 1558 1115 1623 ita
1137 1577 1197 1623 nos
1217 1578 1379 1640 geremus,

227 1669 266 1722 ut
282 1679 348 1724 non
363 1660 452 1725 leves
470 1671 599 1725 tantum
615 1661 730 1726 titulos
751 1671 785 1727 et
805 1672 1001 1746 argumenta
1018 1664 1149 1728 concisa
1164 1683 1277 1726 eorum
1292 1683 1379 1744 quae

227 1764 455 1829 desiderantur
474 1786 708 1848 proponamus.
753 1767 843 1830 Nam
858 1767 966 1849 siquid
987 1767 1072 1830 inter
1091 1767 1214 1830 omissa
1232 1767 1380 1830 retuleri-

228 1887 303 1931 mus
325 1865 440 1953 (modo
466 1869 508 1934 sit
530 1870 688 1950 dignioris
710 1864 864 1956 subjecti)
886 1869 979 1951 cujus
1006 1871 1090 1933 ratio
1111 1869 1211 1952 paulo
1231 1870 1381 1934 videatur

226 1971 403 2050 obscurior,
426 1972 511 2035 adeo
537 1981 575 2035 ut
605 1973 723 2035 merito
749 1972 905 2059 suspicari
935 1973 1099 2055 possimus
1131 1972 1282 2036 homines
1312 1993 1379 2036 non

227 2073 323 2139 facile
339 2074 561 2139 intellecturos
576 2078 655 2158 quid
675 2076 769 2139 nobis
784 2076 922 2140 velimus
936 2086 995 2140 aut
1012 2077 1111 2159 quale
1133 2078 1175 2140 sit
1193 2076 1274 2141 illud
1296 2097 1380 2160 opus

228 2180 318 2260 quod
334 2180 445 2242 animo
460 2187 494 2243 et
509 2180 709 2261 cogitatione
724 2179 981 2261 complectimur,
996 2189 1156 2262 perpetuo
1172 2180 1267 2244 nobis
1282 2200 1379 2246 curae

228 2281 290 2346 erit
318 2292 377 2346 aut
405 2292 581 2365 praecepta
611 2282 799 2364 hujusmodi
829 2284 938 2366 operis
967 2283 1161 2347 conficiendi
1190 2292 1249 2348 aut
1278 2284 1379 2346 etiam

227 2398 357 2471 partem
385 2389 501 2470 operis
524 2388 625 2470 ipsius
648 2388 718 2471 jam
741 2409 761 2454 a
784 2389 878 2452 nobis
902 2388 1087 2454 consectam
1112 2390 1156 2452 ad
1186 2388 1378 2471 exemplum

227 2493 330 2556 totius
363 2491 582 2575 subjungere;
622 2501 660 2555 ut
693 2493 725 2554 in
761 2491 896 2573 singulis
927 2501 987 2555 aut
1018 2511 1119 2573 opera
1152 2501 1210 2555 aut
1244 2490 1378 2555 consilio

224 2597 388 2678 juvemus.
443 2595 578 2658 Etenim
608 2596 709 2660 etiam
738 2597 781 2659 ad
815 2604 962 2659 nostram
993 2595 1281 2668 existimationem,
1311 2615 1378 2658 non

227 2700 334 2764 solum
357 2699 495 2763 aliomm
518 2700 704 2777 utilitatem,
727 2700 889 2781 pertinere
915 2699 1112 2781 putavimus,
1136 2699 1271 2781 nequis
1293 2698 1378 2762 arbi-

226 2813 333 2868 tretur
352 2803 459 2868 levem
480 2803 626 2884 aliquam
647 2803 692 2867 de
713 2803 898 2865 istiusmodi
921 2802 1018 2866 rebus
1039 2803 1209 2867 notionem
1232 2810 1378 2865 mentem

227 2917 375 2972 nostram
401 2907 640 2990 perstrinxisse,
664 2915 765 2987 atque
790 2926 861 2969 esse
888 2905 944 2969 illa
970 2911 1056 2987 quae
1086 2905 1310 2969 desideramus
1338 2925 1377 2970 ac

226 3031 421 3094 prensamus
435 3020 594 3092 tanquam
609 3011 695 3073 votis
709 3009 836 3073 similia.
881 3009 933 3072 Ea
947 3029 1024 3072 vero
1042 3009 1122 3072 talia
1136 3017 1221 3086 sunt,
1237 3029 1378 3090 quorum

225 3124 262 3178 ct
283 3134 385 3196 penes
407 3114 557 3177 homines
575 3109 652 3200 (nisi
673 3113 736 3177 sibi
757 3113 820 3195 ipsi
840 3109 962 3198 desint)
984 3122 1131 3192 potestas
1153 3112 1252 3194 plane
1274 3113 1325 3192 sit,
1345 3121 1378 3177 et

226 3238 287 3282 nos
310 3219 400 3300 apud
427 3226 558 3281 nosmet
585 3217 745 3281 rationem
769 3218 938 3298 quandam
966 3227 1090 3281 certam
1116 3227 1150 3281 et
1176 3216 1377 3298 explicatam

223 3322 417 3386 habeamus.
461 3321 581 3402 Neque
604 3321 692 3384 enim
715 3320 865 3401 regiones
889 3321 994 3385 metiri
1020 3320 1140 3394 animo,
1165 3328 1202 3383 ut
1228 3340 1377 3403 augures,

225 3425 445 3507 auspiciorum
468 3443 586 3488 causa:
610 3423 669 3487 sed
690 3423 819 3499 intrare,
838 3431 875 3486 ut
897 3425 1007 3501 duces,
1026 3424 1236 3508 promerendi
1257 3425 1376 3501 studio,

224 3529 440 3610 suscepimus.
547 3517 552 3528 ’

500 3630 608 3713 Atque
621 3628 697 3694 haec
705 3629 821 3712 prima
834 3630 938 3711 operis
944 3641 1029 3714 pars
1041 3643 1097 3695 est.

269 3735 371 3800 Porro
397 3735 612 3818 praetervecti
629 3736 721 3798 'artes
742 3743 879 3812 veteres,
902 3734 1105 3799 intellectum
1128 3735 1311 3798 humanum
1333 3737 1376 3799 ad

224 3837 456 3920 trajiciendum
482 3840 692 3902 instruemus.
738 3838 932 3902 Destinatur
958 3839 1068 3926 itaque
1093 3839 1179 3920 parti
1205 3837 1376 3915 secundae,

224 3943 375 4007 doctrina
389 3944 432 4006 de
447 3942 581 4006 meliore
597 3951 631 4005 et
650 3941 842 4024 perfectiore
858 3961 919 4004 usu
939 3941 1074 4004 rationis
1094 3943 1127 4004 in
1149 3962 1256 4005 rerum
1271 3942 1377 4024 inqui·

224 4047 353 4124 sitione,
369 4055 403 4110 et
424 4046 468 4108 de
489 4045 620 4109 auxiliis
642 4046 726 4109 veris
747 4044 952 4109 intellectus:
975 4053 1012 4106 ut
1035 4064 1093 4125 per
1114 4043 1177 4108 hoc
1199 4040 1375 4128 (quantum

224 4151 372 4215 conditio
394 4149 608 4213 humanitatis
630 4169 669 4213 ac
696 4147 907 4212 mortalitatis
930 4143 1068 4233 patitur)
1091 4146 1258 4211 exaltetur
1281 4147 1377 4212 intel·

225 4254 340 4333 lectus,
362 4263 397 4318 et
417 4253 576 4318 facultate
595 4252 812 4336 amplificetur
834 4252 877 4315 ad
898 4260 1034 4316 naturae
1056 4253 1160 4315 ardua
1183 4261 1217 4315 et
1238 4252 1377 4315 obscura

224 4358 421 4440 superanda.
466 4355 582 4440 Atque
611 4367 662 4421 est
692 4377 731 4420 ea
756 4377 856 4439 quam
886 4355 1081 4420 adducimus
1107 4375 1159 4418 ars
1182 4350 1297 4439 (quam
1319 4355 1377 4418 In·

223 4461 483 4544 terpretationem
511 4461 666 4524 Naturae
697 4460 864 4544 appellare
901 4456 1144 4545 consuevimus)
1174 4480 1218 4524 ex
1255 4478 1376 4542 genere

222 4566 373 4649 logicae3
407 4564 483 4630 licet
514 4563 699 4650 plurimum,
731 4573 831 4646 atque
862 4564 947 4629 adeo
976 4563 1174 4645 immensum
1207 4564 1374 4646 quiddam,
