3220 5102
621 481 701 536 LIB.
724 481 767 539 II.
791 473 843 558 36.
1244 480 1308 566 463

157 642 229 733 suo)
257 647 483 710 extendantur
511 646 579 710 sive
609 645 769 724 rarefiant‚
796 647 843 710 ita
874 657 911 712 ut
942 650 1099 731 majorem
1131 649 1239 715 locum
1274 663 1308 716 et

157 751 398 815 dimensionem
421 759 593 832 occupent,
610 758 643 813 et
666 771 775 814 rursus
798 772 834 814 se
857 753 1054 817 contrahant
1063 753 1110 833 ⁸⁰;
1140 754 1194 818 vel
1216 758 1306 838 quod

156 875 216 918 nec
240 857 336 938 copia
360 855 498 918 accedat
525 853 631 935 major
652 875 713 918 nec
737 857 889 920 extensio
916 858 1064 940 amplior,
1087 860 1145 922 sed
1171 860 1308 923 eaedem

155 979 263 1041 aquae
292 956 405 1042 (prout
433 967 508 1021 sunt
535 967 605 1020 tam
629 959 724 1039 copia
751 979 852 1039 quam
880 961 1044 1025 densitate
1073 971 1131 1024 aut
1159 959 1308 1045 raritate)

158 1083 217 1144 per
237 1063 306 1125 vim
329 1061 474 1143 aliquam
499 1059 755 1142 magneticam⁸¹
785 1063 927 1143 desuper
949 1084 1005 1127 eas
1027 1065 1251 1128 attrahentem
1275 1075 1308 1129 et

158 1175 359 1237 evocantem,
387 1174 420 1227 et
444 1184 503 1245 per
529 1184 732 1242 consensum,
757 1184 792 1228 se
816 1167 972 1229 attollant
995 1178 1028 1230 et
1051 1170 1171 1232 deinde
1198 1191 1233 1232 se
1261 1190 1309 1232 re-

158 1271 303 1334 mittant.
350 1270 468 1350 Itaque
491 1269 665 1332 reducatur
686 1267 728 1354 (si
750 1267 874 1354 placet)
894 1270 964 1352 jam
992 1272 1160 1354 inquisitio
1187 1270 1309 1358 (missis

158 1373 287 1436 duobus
298 1371 359 1435 illis
373 1374 517 1436 motibus
530 1370 705 1457 prioribus)
720 1375 762 1437 ad
781 1374 868 1437 hunc
884 1374 1055 1453 ultimum;
1079 1386 1112 1438 et
1129 1377 1310 1458 inquiratur

158 1477 184 1540 si
196 1477 254 1540 fiat
266 1476 376 1558 aliqua
388 1476 464 1540 talis
474 1477 616 1540 sublatio
627 1497 686 1559 per
698 1498 893 1541 consensum
910 1479 978 1541 sive
992 1480 1059 1542 vim
1077 1481 1307 1561 magneticam.

158 1578 264 1660 Atqui
284 1581 390 1662 primo
410 1580 621 1643 manifestum
642 1591 691 1644 est
710 1583 876 1644 universas
896 1602 1008 1663 aquas,
1025 1593 1121 1664 prout
1144 1593 1311 1664 ponuntur

157 1683 191 1745 in
206 1682 294 1746 fossa
309 1684 378 1746 sive
394 1702 476 1746 cavo
493 1685 601 1761 maris,
618 1705 685 1747 non
701 1705 799 1766 posse
820 1685 918 1748 simul
939 1685 1056 1762 attolli,
1071 1687 1150 1768 quia
1170 1686 1310 1751 defuerit

159 1788 247 1868 quod
274 1788 429 1851 succedat
454 1788 487 1849 in
514 1787 637 1866 fund03
670 1789 755 1851 adeo
782 1799 820 1852 ut
844 1790 870 1852 si
901 1789 985 1852 foret
1015 1791 1049 1852 in
1073 1793 1167 1873 aquis
1192 1792 1310 1873 aliquis

158 1889 346 1972 hujusmodi
371 1892 538 1973 appetitus
568 1911 604 1955 se
630 1892 815 1970 attollendi,
841 1893 896 1956 ille
926 1895 995 1976 ipse
1026 1903 1139 1958 tamen
1169 1917 1189 1958 a
1221 1917 1309 1959 nexu

159 2013 277 2069 rerum,
292 1994 360 2057 sive
382 1991 434 2078 (ut
456 1995 556 2076 vulgo
579 1992 772 2082 loquuntur)
795 2018 836 2060 ne
859 1996 956 2060 detur
976 1997 1164 2077 vacuum⁸²,
1188 1999 1310 2063 fractus

159 2095 243 2161 foret
259 2108 292 2161 et
308 2096 480 2163 cohibitus.
527 2100 745 2183 Relinquitur,
758 2110 795 2165 ut
811 2102 1005 2166 attollantur
1019 2124 1124 2186 aquae
1141 2125 1184 2167 ex
1200 2105 1310 2186 aliqua

160 2209 262 2282 parte,
289 2211 322 2264 et
346 2223 404 2284 per
428 2201 491 2266 hoc
519 2204 709 2268 minuantur
735 2213 768 2267 et
797 2206 916 2270 cedant
942 2227 986 2269 ex
1012 2207 1085 2272 alia.
1132 2207 1310 2271 Enimvero

194 2403 215 2435 ⁸⁰
233 2405 302 2459 This
315 2407 405 2460 would
417 2408 452 2460 be
464 2408 513 2461 the
526 2407 637 2475 opinion
650 2407 683 2461 of
693 2407 818 2461 Telesius
830 2409 883 2461 and
897 2408 1039 2476 Patricius
1051 2409 1174 2464 referred
1184 2417 1214 2463 to
1224 2411 1310 2465 above

160 2489 187 2541 in
200 2497 266 2542 note
280 2505 323 2556 74.
360 2491 423 2544 The
435 2508 510 2546 same
522 2492 622 2561 theory
634 2491 655 2544 is
667 2491 835 2545 maintained
847 2493 883 2560 by
897 2493 1079 2562 Campanella.

195 2571 216 2604 ⁸¹
236 2577 287 2628 See
306 2576 423 2641 Gilbert,
442 2577 487 2629 De
506 2576 647 2644 Magnete,
663 2576 708 2630 lib.
728 2575 754 2628 ii.
772 2592 831 2644 cap.
850 2579 880 2628 1⁶
899 2577 933 2630 ad
954 2576 998 2630 lin.
1037 2576 1121 2630 From
1141 2576 1197 2629 him
1217 2576 1311 2631 Bacon

160 2671 223 2727 may
240 2658 308 2711 have
327 2658 410 2712 taken
429 2660 477 2712 the
495 2659 565 2726 idea,
579 2658 676 2725 which,
695 2657 717 2711 if
733 2675 776 2711 we
796 2675 926 2727 compare
942 2659 990 2712 the
1009 2660 1181 2712 remarkable
1200 2677 1311 2728 passage

160 2755 195 2792 on
209 2743 356 2796 attraction
370 2743 396 2794 in
410 2743 480 2811 Aph.
494 2759 537 2810 45,
549 2743 584 2796 he
597 2742 736 2810 evidently
749 2758 836 2795 seems
849 2743 965 2796 inclined
982 2748 1013 2796 to
1026 2743 1110 2812 adopt
1127 2744 1154 2796 in
1168 2744 1310 2797 reference

159 2829 190 2876 to
202 2824 250 2877 the
262 2826 435 2892 phenomena
447 2826 479 2880 of
487 2829 579 2896 spring
592 2827 645 2879 and
659 2842 728 2894 neap
741 2826 820 2879 tides.

198 2907 230 2960 ln
249 2907 375 2977 Kepler's
394 2910 523 2978 Epitome
537 2910 730 2964 Astronomiae
749 2911 963 2978 Copemicanae,
976 2909 1118 2978 published
1136 2911 1163 2962 in
1180 2912 1256 2977 1618,
1269 2927 1311 2964 we

160 2989 216 3043 find
234 2992 282 3045 the
301 2992 438 3060 following
455 3009 582 3062 passage:
602 2993 860 3063 ‘Quemadmodum
873 2994 962 3061 igitur,
976 3000 1006 3047 ut
1019 2994 1135 3061 Magnes
1149 2994 1311 3061 Magnetem

160 3080 207 3126 aut
225 3073 328 3127 ferrum
347 3075 446 3142 trahat,
458 3076 586 3144 cognatio
604 3092 752 3146 corporum
771 3075 871 3130 eflicit:
889 3077 928 3130 sic
947 3077 1030 3131 etiam
1049 3077 1084 3129 de
1097 3077 1177 3130 Luna
1195 3094 1249 3130 non
1269 3083 1312 3130 est

160 3157 328 3226 incredibile,
338 3160 421 3213 utilia
434 3167 577 3214 moveatur
589 3161 719 3215 aTerrae
728 3167 846 3228 cognato
859 3177 992 3229 corpore:
1006 3160 1073 3214 licet
1083 3177 1135 3215 nec
1144 3161 1187 3214 hic
1196 3177 1247 3215 nec
1258 3161 1312 3214 illic

160 3240 314 3295 intercedat
332 3243 428 3312 aliquis
446 3250 590 3298 contactus
610 3260 767 3313 corporum.
805 3245 939 3313 Adeoque
957 3245 1023 3314 quid
1042 3245 1150 3311 mirum,
1169 3245 1277 3298 Lunam
1296 3261 1313 3297 a

161 3332 235 3377 terra
248 3327 360 3388 moveri,
374 3343 437 3380 cum
453 3328 591 3381 videamus
604 3329 720 3382 vicissim
739 3335 768 3382 et
781 3328 889 3381 Lunam
900 3329 1017 3381 transitu
1035 3344 1085 3381 suo
1102 3346 1185 3397 super
1196 3329 1313 3382 vertices

160 3407 285 3462 locorum
310 3425 421 3463 causare
445 3411 547 3464 fluxum
571 3413 675 3466 Oceani
701 3413 873 3482 reciprocum
898 3414 926 3466 in
951 3413 1082 3467 Tellure?
1128 3412 1229 3465 Nonne
1247 3413 1313 3465 satis

161 3493 271 3546 evidens
293 3493 346 3547 hoc
370 3500 412 3548 est
433 3494 632 3549 documentum
654 3497 909 3550 communicationis
930 3504 1055 3550 motuum
1077 3497 1150 3549 inter
1168 3495 1236 3548 haec
1256 3495 1312 3548 duo

161 3579 310 3646 corporal'

195 3663 337 3728 Gassendi,
351 3663 379 3715 in
398 3663 439 3717 his
457 3669 575 3716 account
593 3663 627 3716 of
640 3663 689 3718 the
707 3665 816 3718 various
834 3664 960 3732 opinions
979 3678 1016 3715 on
1035 3661 1082 3714 the
1101 3677 1195 3714 causes
1214 3659 1247 3712 of
1262 3659 1310 3714 the

161 3744 231 3798 tides
252 3747 403 3815 (Physicae,
423 3749 516 3800 Sectio
534 3748 571 3801 iii.
590 3747 751 3801 Membrum
771 3747 858 3812 PriuS,
870 3747 916 3799 lib.
931 3748 948 3800 i.
962 3762 1020 3812 cap.
1034 3743 1071 3810 4),
1084 3761 1160 3812 says:
1181 3743 1311 3796 ‘Plurimi

161 3837 308 3882 recurrunt
326 3831 360 3882 ad
380 3830 576 3898 Magneticam,
591 3847 640 3884 seu
657 3831 819 3884 tractoriam
837 3831 901 3896 vim,
917 3846 971 3899 qua
990 3829 1118 3880 nimirum
1132 3827 1212 3880 Luna
1230 3842 1311 3895 supra

160 3927 236 3966 mare
254 3915 397 3981 transiens,
414 3915 495 3982 ipsius
513 3930 598 3982 aquas
616 3914 651 3966 ad
670 3930 700 3967 se
717 3913 824 3980 alliciat,
842 3919 904 3980 post
926 3912 1072 3964 transitum
1092 3918 1169 3964 retro
1187 3910 1311 3978 relaxet;

160 3995 255 4064 sicque
274 4013 350 4050 mare
369 4014 471 4065 cogens
490 3999 674 4051 intumescere
692 3997 947 4065 detumescereque,
960 3994 1098 4047 Affluxum
1117 4001 1147 4047 et
1164 3994 1312 4047 Refluxum

160 4080 256 4132 creet!

196 4159 217 4192 θ’
236 4162 291 4216 We
304 4163 373 4218 have
385 4181 450 4218 seen
463 4165 574 4232 already
589 4163 628 4234 (ii.
642 4168 656 4216 8
670 4163 704 4216 ad
719 4161 790 4232 init.)
803 4162 864 4216 that
878 4161 972 4214 Bacon
985 4159 1081 4214 denies
1098 4160 1147 4212 the
1159 4160 1312 4229 possibility

85 4275 92 4288 ι
160 4243 193 4298 of
209 4261 225 4297 a
244 4263 370 4300 vacuum.
408 4246 610 4316 Seealsollph.
625 4253 668 4314 48,
682 4247 777 4299 Motus
791 4245 940 4298 Secundus.
977 4245 1016 4296 As
1034 4244 1181 4296 remarked
1201 4245 1237 4312 by
1255 4244 1311 4298 Mr.

161 4329 228 4382 Ellis
241 4330 269 4382 in
281 4331 323 4382 his
336 4330 451 4385 Preface
463 4337 494 4384 to
505 4331 554 4384 the
568 4330 695 4384 Historia
707 4330 794 4383 Densi
806 4336 835 4382 et
850 4329 915 4382 Rari
929 4329 974 4398 (E.
984 4329 1038 4382 and
1051 4330 1086 4396 S,
1095 4329 1148 4381 vol.
1161 4328 1188 4380 ii.
1201 4344 1226 4394 p.
1240 4325 1312 4394 238),

160 4411 278 4466 Bacon’s
297 4413 423 4480 opinions
435 4430 472 4468 on
485 4414 539 4467 this
556 4415 665 4484 subject
682 4419 756 4467 must
775 4413 844 4466 have
861 4413 1023 4480 undergone
1041 4429 1056 4466 a
1074 4411 1189 4466 decided
1207 4411 1312 4478 change

160 4495 233 4550 after
251 4496 299 4549 the
317 4497 386 4550 time
403 4497 437 4550 of
451 4499 493 4551 his
505 4499 614 4567 writing
632 4499 680 4553 the
693 4499 882 4567 Cogitationes
899 4497 934 4550 de
949 4497 1053 4550 Rerum
1066 4495 1174 4550 Natura
1192 4495 1246 4550 and
1264 4495 1312 4549 the

163 4580 185 4633 F
187 4581 248 4635 able
261 4581 293 4635 of
304 4581 403 4652 Cupid.
