3324 5110
695 455 776 511 rra.
801 455 827 512 J.
848 445 898 530 98.
1309 447 1371 537 297'

218 615 475 682 deveniendum
492 614 556 704 est)
585 627 643 682 aut
676 617 775 694 nulla,
801 628 860 682 aut
889 619 1072 684 admodum
1106 620 1234 687 infirma
1263 624 1373 689 adhuc
1429 623 1433 630 '

219 721 374 802 fuerunt;
398 743 457 787 nec
479 721 724 805 particularium
748 724 842 806 sylva
862 733 895 788 et
914 727 1077 804 materies
1092 727 1143 791 vel
1161 749 1305 807 numero,
1320 727 1373 792 vel

219 845 348 907 genere,
363 825 415 890 vel
438 827 641 902 certitudine,
663 826 869 892 informando
890 828 1071 894 intellectui
1092 842 1292 914 competens,
1315 841 1373 896 aut

221 930 288 993 ullo
315 929 416 995 modo
443 930 615 1008 sufficiens,
638 930 747 995 adhuc
771 933 921 1014 quaesita
946 943 998 998 est
1023 945 1057 998 et
1083 946 1250 1018 congesta.
1304 936 1373 1001 Sed

220 1041 335 1097 contra
357 1034 508 1098 homines
531 1035 620 1098 docti
650 1032 772 1119 (supini
796 1056 876 1100 sane
898 1047 931 1100 et
958 1036 1084 1122 faciles)
1107 1061 1252 1105 rumores
1265 1061 1373 1123 quos·
1479 1083 1480 1086 =

220 1138 299 1201 dam
323 1139 556 1220 experientiae,
578 1148 612 1202 et
634 1140 728 1221 quasi
750 1138 855 1203 famas
878 1150 912 1204 et
935 1162 1031 1205 auras
1058 1143 1139 1224 ejus,
1161 1146 1204 1208 ad
1229 1144 1374 1226 philoso-

220 1241 334 1324 phiam
350 1263 443 1305 suam
459 1242 511 1305 vel
527 1243 792 1307 constituendam
806 1244 859 1307 vel
880 1245 1140 1310 confirmandam
1162 1259 1374 1331 exceperunt,

220 1355 322 1429 atque
343 1345 406 1410 illis
424 1345 635 1410 nihilominus
650 1348 780 1428 pondus
796 1348 933 1431 legitimi
949 1351 1128 1414 testimonii
1144 1352 1374 1419 attribuerunt.

221 1450 276 1514 Ac
298 1450 401 1514 veluti
431 1452 458 1513 si
491 1471 630 1532 regnum
662 1450 796 1534 aliquod
821 1464 879 1517 aut
906 1463 1014 1517 status
1042 1475 1108 1518 non
1135 1478 1179 1520 ex
1211 1456 1312 1522 literis
1339 1467 1374 1522 et

221 1555 435 1618 relationibus
461 1574 482 1618 a
508 1554 626 1636 legatis
657 1563 691 1618 et
721 1557 850 1619 nuntiis·
871 1556 937 1621 fide
963 1559 1072 1640 dignis
1099 1560 1214 1634 missis,
1242 1562 1301 1625 sed
1329 1581 1374 1624 ex

221 1660 422 1722 urbanorum
449 1659 663 1722 sermunculis
690 1669 723 1723 et
754 1681 796 1723 ex
819 1662 921 1724 triviis
944 1663 1079 1726 consilia
1102 1683 1160 1726 sua
1184 1673 1218 1727 et
1241 1666 1375 1747 negotia

221 1763 437 1844 gubemaret3
460 1763 596 1826 omnino
614 1762 690 1826 talis
713 1763 747 1826 in
769 1763 1012 1848 philosophiam
1028 1766 1277 1837 administratio,
1293 1788 1375 1851 qua·

221 1875 319 1931 tenus
339 1867 382 1930 ad
401 1867 650 1950 experientiam,
667 1867 853 1932 introducta
875 1880 933 1934 est.
979 1871 1036 1934 Nil
1052 1871 1173 1934 debitis
1192 1873 1298 1936 modis
1314 1893 1374 1936 ex-

221 1970 388 2053 quisitum,
413 1971 457 2034 nil
483 1971 698 2050 verificatum,
722 1972 767 2034 nil
792 1983 1010 2053 numeratum,
1038 1976 1083 2038 nil
1108 1996 1301 2058 appensum,
1329 1976 1375 2040 nil

223 2075 410 2138 dimensum
430 2075 462 2138 in
479 2075 618 2138 naturali
639 2074 775 2140 historia
792 2079 951 2160 reperitur
959 2078 997 2142 ⁷⁷.
1042 2077 1092 2142 At
1108 2081 1199 2162 quod
1215 2082 1248 2143 in
1264 2081 1375 2145 obser·

222 2179 355 2242 vatione
382 2177 590 2242 indefinitum
620 2189 654 2243 et
679 2201 810 2263 vagum,
837 2183 870 2246 id
898 2183 931 2245 in
958 2181 1187 2247 informatione
1212 2185 1315 2249 fallax
1343 2193 1377 2250 et

223 2281 361 2347 infidum
378 2291 436 2347 est.
482 2281 582 2364 Quod
605 2283 631 2346 si
653 2284 704 2347 cui
727 2283 809 2348 haec
831 2285 913 2349 mira
935 2287 1025 2350 dictu
1048 2289 1230 2368 videantur,
1246 2298 1279 2353 et
1297 2310 1377 2372 que·

223 2387 310 2451 relae
333 2387 442 2450 minus
461 2385 571 2468 justae
593 2388 755 2468 propiora,
777 2409 852 2452 cum
871 2388 1070 2454 Aristoteles
1092 2402 1204 2455 tantus
1226 2394 1296 2474 ipse
1318 2395 1375 2468 vir,

223 2498 258 2553 et
279 2491 364 2554 tanti
388 2491 472 2573 regis
493 2490 612 2572 opibus
632 2491 802 2568 subnixus,
818 2501 888 2554 tarn
911 2501 1098 2556 accuratam
1121 2493 1160 2556 de
1178 2494 1377 2558 animalibus

223 2592 394 2658 historiam
410 2593 594 2668 confecerit,
608 2604 709 2677 atque
725 2594 781 2658 alii
796 2595 944 2658 nonnulli
960 2594 1084 2676 majore
1099 2597 1269 2680 diligentia
1286 2595 1377 2683 (licet

224 2700 362 2780 strepitu
387 2695 527 2786 minore)
547 2698 652 2762 multa
674 2697 863 2780 adjecerint,
881 2708 915 2762 et
933 2719 1041 2761 rursus
1055 2699 1110 2762 alii
1129 2701 1172 2763 de
1187 2701 1317 2782 plantiS,
1334 2703 1377 2766 de

224 2803 377 2881 metallis,
400 2812 433 2866 et
457 2801 631 2881 fossilibus,
655 2801 807 2867 historias
834 2813 868 2866 et
894 2803 1097 2866 narrationes
1123 2805 1273 2886 copiosas
1298 2825 1375 2869 con·

224 2907 432 2989 scripserint;
455 2907 483 2970 is
504 2927 584 2970 sane
606 2927 673 2970 non
696 2908 777 2970 satis
799 2907 970 2971 attendere
989 2917 1022 2971 et
1041 2908 1224 2990 perspicere
1239 2909 1377 2987 videtur,

225 3011 305 3092 quid
320 3020 439 3092 agatur
453 3010 486 3073 in
501 3011 695 3093 praesentia.
740 3009 821 3074 Alia
844 3011 931 3074 enim
953 3021 1004 3075 est
1027 3011 1110 3074 ratio
1133 3013 1290 3076 naturalis
1311 3012 1378 3076 his·

225 3114 338 3192 toriae,
353 3134 439 3197 quae
461 3125 597 3197 propter
619 3135 654 3178 se
677 3115 827 3180 confecta
850 3125 921 3194 est;
944 3115 1009 3179 alia
1030 3114 1111 3198 ejus,
1130 3136 1215 3198 quae
1238 3116 1378 3182 collecta

226 3220 345 3283 estad
377 3219 622 3283 informandum
650 3219 854 3284 intellectum
885 3221 918 3283 in
948 3220 1063 3284 ordine
1093 3222 1137 3283 ad
1168 3222 1377 3286 condendam

225 3483 322 3537 ordine
340 3485 374 3538 ad
388 3484 467 3537 Basin
487 3489 516 3536 et
530 3484 720 3538 Fundamenta
734 3483 924 3554 Philosophiae
937 3483 1047 3538 Verae?
1084 3485 1111 3538 lt
1129 3487 1150 3539 is
1166 3486 1294 3540 followed
1311 3486 1347 3555 by
1361 3495 1377 3539 a

226 3569 389 3634 ‘Catalogus
414 3567 599 3621 Historiarum
625 3567 853 3636 Particularium,'
878 3585 914 3622 on
940 3570 1028 3623 which
1054 3570 1089 3623 he
1116 3570 1255 3637 designed,
1280 3575 1308 3622 at
1336 3569 1378 3622 his

225 3651 332 3718 leisure,
344 3658 375 3705 to
394 3651 469 3704 draw
481 3667 518 3719 up
531 3668 547 3703 a
560 3652 603 3705 list
620 3650 652 3704 of
667 3653 817 3721 questions,
830 3653 993 3719 illustrating
1008 3654 1056 3705 the
1073 3659 1136 3705 true
1155 3652 1314 3706 methodos
1327 3668 1377 3704 en-

225 3734 313 3804 quiry.
350 3735 406 3786 We
425 3751 471 3788 are
484 3733 629 3802 informed,
643 3751 797 3801 moreover,
810 3735 846 3804 by
861 3735 912 3787 Dr.
927 3735 1039 3802 Rawley
1056 3734 1116 3788 that
1129 3734 1176 3788 the
1193 3736 1271 3803 Sylva
1284 3735 1377 3802 Sylva·

225 3833 287 3870 rum
306 3833 361 3870 was
382 3816 429 3870 the
449 3816 500 3870 last
512 3817 590 3870 work
608 3834 645 3870 on
664 3817 754 3870 which
767 3817 861 3870 Bacon
879 3809 933 3869 wa's
951 3817 1084 3883 engaged.
1122 3817 1153 3868 ln
1173 3817 1233 3869 that
1251 3832 1322 3878 case,
1342 3817 1377 3870 he

225 3908 298 3954 must
310 3901 378 3953 have
390 3901 543 3967 suspended
556 3901 604 3953 the
620 3901 805 3968 composition
818 3899 849 3952 of
860 3899 908 3952 the
920 3899 1031 3952 Novum
1045 3901 1193 3966 Organum,
1208 3901 1235 3952 in
1249 3900 1331 3953 order
1347 3907 1378 3952 to
1456 3943 1458 3948 .

225 3999 302 4051 carry
316 3999 352 4036 on
366 3982 406 4035 his
419 3981 534 4036 Natural
548 3984 673 4052 History.

260 4065 282 4098 Π
301 4068 352 4134 Cp.
373 4067 533 4134 Parasceue,
556 4066 627 4135 Aph.
641 4083 666 4131 7.
710 4067 754 4118 On
776 4065 824 4118 the
849 4065 986 4134 necessity
1007 4063 1041 4118 of
1061 4067 1216 4134 accurately
1235 4066 1379 4134 weighing,

224 4153 387 4218 measuring,
401 4152 455 4204 and
472 4153 605 4218 counting
621 4151 648 4204 in
668 4151 838 4215 conducting
855 4150 1042 4202 observatione
1060 4164 1093 4202 or
1111 4151 1304 4217 experiments,
1317 4150 1338 4203 it
1358 4151 1380 4203 is

225 4251 288 4288 now
299 4234 424 4287 needless
435 4240 467 4287 to
479 4235 564 4288 insist.
598 4234 662 4287 The
674 4234 787 4287 student
800 4233 852 4285 will
866 4232 922 4285 find
934 4249 950 4286 a
962 4232 1036 4287 brief
1045 4232 1098 4286 and
1112 4233 1246 4286 excellent
1259 4239 1380 4287 account

203 4317 258 4397 [of
272 4317 422 4371 ‘Methods
440 4317 473 4371 of
483 4318 675 4372 Observation’
695 4319 723 4370 in
737 4317 895 4370 Whewell's
912 4317 1022 4370 Novum
1043 4318 1182 4383 Organum
1198 4317 1379 4384 Renovatum,

225 4401 299 4456 book
313 4402 349 4456 iii.
368 4401 412 4457 ch.
427 4419 451 4456 2.
490 4401 517 4454 lf
531 4402 566 4456 he
579 4403 677 4456 wishes
693 4410 725 4455 to
743 4419 842 4471 pursue
858 4403 907 4454 the
925 4401 1033 4468 subject
1052 4407 1084 4455 at
1098 4409 1207 4468 greater
1225 4402 1326 4468 length,
1344 4403 1379 4456 he

225 4501 288 4553 may
302 4484 368 4538 read
383 4485 449 4538 with
468 4485 618 4553 advantage
636 4487 683 4539 the
696 4485 787 4538 Third
805 4485 884 4539 Book
903 4483 934 4537 of
951 4484 1094 4539 Professor
1105 4486 1216 4556 Jevons'
1230 4485 1380 4558 Principles

225 4567 256 4624 ot
269 4569 392 4636 Science,
405 4569 539 4626 eutituled
552 4569 701 4625 ‘Methods
713 4569 745 4626 of
755 4567 982 4624 Measurement.’
