3306 5102
658 390 740 447 LIB.
762 392 807 446 ΙΙ.
833 401 883 468 13.
1288 383 1350 472 383

241 566 290 616 22.
315 551 558 616 Existimamus
571 553 670 617 etiam
686 552 864 630 flammam,
877 574 962 635 quae
975 553 1113 618 resultat
1129 575 1173 618 ex
1189 556 1356 619 nonnullis

197 655 339 718 metallis
355 655 596 738 imperiectis⁶⁴,
620 678 692 720 esse
708 656 806 719 valde
821 657 991 720 robustam
1011 669 1043 722 et
1063 678 1182 725 acrem.
1228 660 1353 723 Verum

197 759 240 822 de
255 759 325 822 istis
340 761 493 823 omnibus
509 760 692 842 inquiratur
708 760 851 824 ulterius

241 878 292 946 23.
315 863 456 927 Videtur
484 873 598 927 autem
629 863 764 927 flamma
796 863 969 926 fulminum
1001 866 1261 946 potentiorum⁵⁵
1294 866 1355 931 has

196 986 313 1031 omnes
335 968 486 1032 flammas
509 988 684 1050 superare3
716 969 801 1032 adeo
825 977 860 1032 ut
883 968 1006 1031 ferrum
1033 969 1140 1050 ipsum
1168 971 1353 1052 perlectum

196 1059 376 1153 aliquando
401 1072 627 1154 colliquaverit
645 1073 678 1136 in
696 1081 818 1155 guttas,
841 1073 931 1154 quod
956 1071 1111 1137 flammae
1133 1073 1209 1138 illae
1232 1075 1355 1140 alterae

197 1173 304 1238 facere
320 1195 385 1238 non
402 1185 551 1257 possunt.

243 1295 293 1356 24.
317 1279 357 1342 In
378 1280 490 1362 ignitis
512 1287 624 1342 autem
650 1280 769 1342 diversi
793 1289 870 1344 sunt
894 1281 995 1343 etiam
1017 1281 1141 1362 gradus
1163 1282 1288 1362 caloris,
1311 1285 1355 1347 de

198 1373 316 1462 quibus
332 1383 431 1444 etiam
445 1402 509 1445 non
522 1381 609 1445 sacta
621 1391 671 1445 est
683 1382 823 1464 diligens
835 1383 1012 1465 inquisitio.
1037 1383 1188 1447 Calorem
1207 1388 1355 1451 maxime

197 1484 342 1547 debilem
370 1486 599 1549 existimamus
626 1506 698 1549 esse
720 1508 764 1549 ex
787 1487 889 1549 linteo
912 1497 995 1564 usto,
1019 1487 1109 1568 quali
1132 1488 1175 1551 ad
1200 1488 1354 1555 flammae

199 1589 436 1652 excitationem
447 1591 494 1652 uti
508 1589 673 1668 solemus;
697 1599 730 1654 et
743 1590 892 1653 similiter
904 1611 948 1653 ex
966 1590 1054 1673 ligno
1068 1591 1124 1654 illo
1140 1594 1317 1675 spongioso
1327 1593 1354 1631 ⁶⁶

198 1697 255 1752 aut
282 1690 431 1755 funiculis
457 1692 610 1756 arefactis
636 1693 692 1775 qui
716 1694 758 1756 ad
783 1703 1022 1756 tormentorum
1045 1696 1272 1758 accensionem
1295 1697 1354 1760 ad·

198 1791 361 1856 hibentur.
424 1795 503 1858 Post
532 1795 620 1859 hunc
650 1796 799 1878 sequitur
828 1795 927 1860 carbo
957 1797 1081 1878 ignitus
1112 1818 1155 1860 ex
1189 1798 1287 1881 lignis
1320 1809 1354 1864 et

198 1896 417 1977 anthracibuS,
443 1908 545 1980 atque
574 1899 674 1963 etiam
705 1919 749 1962 ex
780 1899 938 1962 lateribus
968 1900 1089 1981 ignitis,
1120 1910 1154 1964 et
1184 1902 1353 1968 similibus

200 1998 384 2080 Ignitorum
416 2011 529 2065 autem
559 2001 848 2066 vehementissime
877 2001 984 2065 calida
1018 2003 1248 2069 existimamus
1282 2026 1354 2069 esse

200 2102 335 2166 metalla
357 2104 469 2186 ignita,
492 2115 529 2168 ut
551 2105 671 2168 ferrum
695 2115 728 2169 et
751 2126 888 2187 cuprum
912 2115 945 2168 et
969 2115 1107 2170 caetera.
1156 2108 1282 2171 Verum
1309 2111 1352 2173 de

198 2203 249 2268 his
265 2207 366 2270 etiam
382 2207 533 2271 facienda
548 2217 599 2272 est
617 2209 752 2272 ulterior
767 2209 944 2289 inquisitio.

243 2322 294 2390 25.
318 2310 534 2374 Inveniuntur
556 2332 600 2374 ex
626 2311 738 2394 ignitis
763 2311 921 2374 nonnulla
947 2310 1046 2391 longe
1072 2312 1228 2375 calidiora
1250 2334 1352 2395 quam

199 2411 375 2477 nonnullae
402 2435 446 2477 ex
477 2413 629 2477 flammis.
675 2413 784 2476 Multo
816 2414 904 2476 enim
935 2412 1072 2477 calidius
1103 2424 1153 2478 est
1184 2425 1216 2478 et
1247 2417 1353 2498 magis

197 2517 340 2581 adurens
356 2517 476 2581 ferrum
493 2519 633 2600 ignitum
649 2537 750 2599 quam
766 2516 900 2580 flamma
916 2517 1048 2598 spiritus
1063 2517 1139 2580 vini.

243 2619 294 2684 26.
319 2619 533 2684 Inveniuntur
559 2621 659 2683 etiam
685 2641 728 2683 ex
755 2620 818 2683 illis
843 2640 929 2702 quae
957 2620 1059 2700 ignita
1089 2639 1155 2681 non
1186 2629 1263 2683 sunt
1294 2621 1351 2684 sed

198 2732 329 2789 tantum
353 2727 396 2789 ab
424 2727 499 2807 igne
523 2723 689 2803 calefacta,
715 2726 800 2788 sicut
823 2744 930 2806 aquae
952 2723 1114 2787 ferventes
1142 2733 1175 2785 et
1197 2731 1252 2786 ae'r
1275 2744 1353 2788 con·

198 2828 307 2893 clusus
322 2831 355 2893 in
375 2829 645 2907 reverberatoriiS,
662 2828 819 2892 nonnulla
837 2848 923 2910 quae
941 2838 1098 2910 superant
1119 2828 1228 2890 calore
1248 2829 1353 2893 multa

199 2954 243 2997 ex
260 2934 402 2997 flammis
418 2935 496 3017 ipsis
510 2944 543 2998 et
559 2935 681 3016 ignitis.

244 3051 295 3117 27.
319 3037 433 3102 Motus
464 3049 564 3122 auget
590 3035 787 3114 calorem⁵⁷;
818 3045 855 3100 ut
881 3035 993 3099 videre
1019 3045 1069 3099 est
1096 3035 1128 3096 in
1158 3034 1291 3099 follibus
1318 3043 1352 3100 et

199 3141 296 3220 ilatu;
318 3145 404 3207 adeo
423 3151 459 3206 ut
475 3145 606 3206 duriora
622 3164 665 3206 ex
682 3141 825 3206 metallis
841 3162 907 3205 non
924 3139 1093 3204 solvantur
1107 3149 1166 3202 aut
1182 3139 1353 3223 liquefiant

199 3267 258 3328 per
274 3247 384 3329 ignem
401 3256 567 3311 mortuum
583 3256 641 3310 aut
657 3247 814 3329 quietum,
831 3245 892 3309 nisi
908 3245 988 3308 flatu
1006 3244 1180 3310 excitetur.

245 3349 294 3416 28.
320 3352 393 3415 Fiat
409 3353 674 3434 experimentum
693 3371 752 3433 per
769 3351 903 3432 specula
925 3349 1160 3426 comburentia,
1178 3349 1211 3410 in
1232 3350 1352 3431 quibus

236 3584 259 3618 ⁸⁴
278 3588 325 3640 He
343 3587 476 3656 probably
494 3604 588 3642 means
604 3587 677 3640 what
695 3601 768 3640 were
787 3584 944 3652 commonly
962 3583 1048 3638 called
1066 3582 1114 3636 the
1130 3582 1209 3634 baser
1225 3597 1259 3635 or
1278 3582 1353 3650 viler,

200 3672 364 3740 asopposed
382 3677 412 3725 to
430 3672 479 3726 the
497 3687 575 3726 more
593 3671 719 3740 precious
737 3670 834 3723 metals
855 3669 930 3738 (gold
949 3667 1003 3720 and
1020 3664 1122 3733 silver).
1159 3665 1246 3730 Thus,
1260 3663 1287 3716 iu
1306 3665 1354 3718 the

201 3756 348 3822 Catalogus
367 3755 552 3808 Historiarum
572 3753 789 3819 Particularium,
807 3750 948 3820 published
970 3756 999 3802 at
1016 3749 1065 3802 the
1090 3748 1144 3801 end
1166 3747 1197 3800 ot'
1222 3747 1271 3799 the
1296 3747 1354 3801 first

201 3839 305 3893 edition
330 3838 364 3892 of
384 3840 432 3893 the
454 3839 563 3892 Novum
585 3839 734 3904 organum,
755 3836 791 3888 he
815 3841 988 3888 enumerates
1013 3830 1156 3883 ‘Historia
1177 3829 1354 3884 Metallorum

200 3921 398 3991 perfectorum,
419 3924 495 3988 Auri,
516 3921 647 3988 Argenti'
668 3919 712 3990 (E.
733 3919 787 3974 and
807 3920 844 3980 8.,
865 3917 918 3970 vol.
938 3916 955 3968 i.
978 3931 1005 3983 p.
1024 3911 1099 3982 406).
1138 3912 1165 3965 lt
1186 3913 1208 3965 is
1226 3912 1354 3982 possible,

200 4005 337 4072 however,
349 4005 410 4060 that
429 4005 464 4059 he
476 4021 538 4074 may
551 4019 631 4057 mean
650 4003 762 4056 ‘metals
777 4001 856 4054 while
875 3999 956 4065 being
974 3995 1091 4050 smelted
1109 3995 1137 4048 in
1156 3995 1204 4048 the
1222 3991 1355 4050 fornace!

202 4089 254 4142 See
265 4089 313 4142 the
326 4089 483 4158 expression
497 4091 504 4118 ‘
515 4088 619 4141 sermm
632 4086 720 4154 ipsum
733 4082 903 4154 perfectum'
917 4082 943 4133 in
957 4081 1005 4133 the
1018 4083 1086 4132 next
1098 4079 1229 4132 instance.

236 4170 259 4203 ⁵³
276 4173 314 4226 As
326 4173 448 4242 opposed
460 4179 490 4225 to
501 4169 736 4238 sheet-lightning.
774 4169 825 4222 See
838 4167 865 4219 ii.
881 4182 923 4218 η.
938 4163 1005 4219 lust.
1019 4181 1044 4229 9.

236 4253 259 4286 ⁵⁸
276 4255 468 4310 Touchwood.

237 4335 259 4370 '⁷
278 4339 337 4408 ‘By
349 4339 491 4409 supplying
508 4355 524 4392 a
542 4343 652 4406 greater
665 4337 792 4406 quantity
804 4334 836 4388 of
850 4347 958 4402 oxygen
977 4329 1050 4384 from
1068 4327 1116 4382 the
1134 4328 1182 4381 air.
1221 4327 1248 4380 It
1266 4328 1287 4381 is
1305 4337 1355 4406 not

202 4437 280 4477 ruere
293 4423 408 4490 motion,
420 4421 464 4476 for
475 4422 524 4475 the
536 4420 750 4488 manufacturer,
760 4418 822 4472 who
833 4418 906 4472 tried
919 4423 950 4469 to
961 4415 1033 4468 blow
1046 4412 1088 4466 his
1101 4411 1162 4465 lires
1174 4411 1210 4480 by
1219 4427 1314 4466 means
1325 4412 1359 4466 ol

202 4511 291 4560 steam
299 4504 365 4574 jets,
378 4506 474 4576 simply
487 4505 557 4559 blew
569 4505 646 4558 them
659 4505 726 4558 out!
764 4503 821 4557 Mr.
834 4499 971 4556 Kitchin’s
984 4503 1060 4552 note.
