3220 5102
605 401 687 460 tra.
709 404 753 459 rr.
774 394 828 473 48.
1229 407 1294 482 529

141 577 301 657 videntur,
317 591 478 665 tanquam
494 581 610 646 talium
628 604 801 667 corporum
820 584 941 666 indiga.
987 581 1147 665 Exempli
1166 575 1292 665 gratia:

140 700 265 760 aurum,
282 695 342 749 aut
363 685 454 749 aliud
477 685 649 748 metallum
671 687 822 752 foliatum
845 707 911 751 non
934 687 1118 752 delectatur
1139 693 1215 750 a'e‘re
1233 688 1294 750 cir·

141 787 300 852 cumfuso.
360 789 479 872 Itaque
509 789 536 851 si
566 809 684 872 corpus
713 791 848 873 aliquod
879 791 1040 873 tangibile
1076 800 1110 855 et
1147 811 1292 854 crassum

142 890 347 955 nanciscatur
372 889 423 976 (ut
449 892 600 974 digitum,
626 913 798 976 papyrum,
830 895 961 976 quidvis
990 891 1106 978 aliud),
1134 893 1293 958 adhaeret

141 994 263 1072 statim,
290 1015 350 1058 nec
376 995 472 1059 facile
494 995 703 1060 divellitur⁶⁹.
749 998 861 1061 Etiam
888 1019 1042 1082 papyrus,
1067 1008 1125 1062 aut
1156 1019 1293 1081 pannus,

143 1106 176 1159 et
189 1085 395 1178 hujusmodi,
413 1119 479 1163 non
501 1099 586 1162 bene
608 1121 644 1163 se
665 1099 789 1164 habent
812 1121 887 1166 cum
911 1109 986 1166 aere
1008 1102 1065 1184 qui
1086 1103 1238 1166 inseritur
1261 1111 1295 1166 et

143 1200 336 1266 commistus
351 1211 401 1266 est
416 1203 449 1265 in
466 1203 611 1286 ipsorum
633 1204 731 1285 poris.
777 1204 896 1286 Itaque
914 1226 1036 1288 aquam
1055 1215 1113 1270 aut
1132 1205 1294 1288 liquorem

142 1301 283 1368 libenter
301 1305 474 1386 imbibunt,
489 1316 523 1370 et
545 1314 655 1371 aerem
678 1308 911 1372 exterminant.
958 1309 1071 1373 Etiam
1094 1310 1295 1389 saccharum,

143 1416 202 1471 aut
227 1409 366 1491 spongia
391 1408 498 1474 infusa
524 1410 557 1472 in
580 1431 703 1492 aquam
728 1419 785 1474 aut
807 1412 930 1490 vinum,
951 1410 1028 1476 licet
1051 1433 1126 1494 pars
1150 1413 1295 1494 ipsorum

143 1511 287 1577 emineat
310 1523 343 1577 et
367 1512 466 1594 longe
488 1512 661 1580 attollatur
683 1535 780 1597 supra
802 1515 916 1578 vinum
939 1524 998 1579 aut
1026 1536 1159 1598 aquam,
1182 1525 1295 1578 tamen

141 1636 263 1697 aquam
296 1625 354 1680 aut
390 1617 505 1680 vinum
538 1617 698 1699 paulatim
736 1627 770 1683 et
807 1639 867 1702 per
902 1620 1025 1703 gradus
1058 1618 1230 1684 attrahunt
1263 1619 1296 1681 in

142 1739 270 1782 sursum
279 1719 315 1784 ⁷⁰.

188 1823 289 1888 Unde
303 1824 450 1906 optimus
461 1845 567 1888 canon
578 1825 718 1889 sumitur
728 1835 901 1909 aperturae
917 1835 951 1890 et
966 1827 1167 1891 solutionum
1183 1847 1298 1909 corpo·

143 1946 226 1991 rum.
272 1927 383 1992 Missis
399 1928 486 1992 enim
502 1929 671 1992 corrosivis
687 1937 721 1992 et
740 1930 835 2010 aquis
855 1929 1004 2006 fortibus,
1020 1951 1106 2012 quae
1126 1932 1214 1993 viam
1235 1929 1297 1993 sibi

143 2030 304 2112 aperiunt,
314 2033 340 2094 si
352 2033 458 2114 possit
470 2033 606 2096 inveniri
618 2053 735 2116 corpus
747 2034 1034 2116 proportionatum
1051 2043 1084 2098 et
1101 2035 1206 2115 magis
1219 2054 1298 2097 con·

143 2133 289 2198 sentiens
304 2144 338 2199 et
353 2137 495 2199 amicum
512 2137 639 2219 corpori
657 2137 753 2200 alicui
776 2137 883 2201 solido
903 2158 1004 2220 quam
1028 2138 1109 2202 illud
1132 2159 1207 2202 cum
1228 2159 1296 2221 quo

143 2246 303 2320 tanquam
330 2260 388 2321 per
414 2241 644 2306 necessitatem
671 2241 912 2320 commiscetur,
936 2243 1052 2305 statim
1075 2263 1112 2306 se
1133 2243 1239 2324 aperit
1262 2250 1297 2308 et

144 2341 273 2407 relaxat
289 2363 416 2426 corpus,
432 2352 466 2408 et
481 2343 562 2407 illud
573 2343 714 2407 alterum
727 2345 812 2408 intro
825 2345 949 2427 recipit,
965 2343 1072 2428 priore
1088 2345 1223 2408 excluso
1239 2353 1298 2408 aut

143 2446 350 2512 summotoss.
397 2449 516 2530 Neque
531 2455 686 2530 operatur
699 2456 758 2511 aut
774 2457 886 2530 potest
904 2448 966 2512 iste
986 2457 1091 2511 motus
1107 2447 1154 2510 ad
1171 2448 1297 2510 lucrum

144 2549 357 2616 solummodo
378 2552 421 2615 ad
437 2559 574 2616 tactum.
620 2551 709 2614 Nam
725 2550 877 2615 electrica
895 2553 1044 2633 operatio
1062 2550 1120 2637 (de
1138 2571 1204 2633 qua
1226 2551 1298 2614 Gil-

144 2651 257 2718 bertus
281 2665 314 2719 et
343 2655 399 2719 alii
422 2663 499 2738 post
526 2675 602 2718 eum
629 2662 739 2719 tantas
764 2655 951 2719 excitarunt
974 2651 1116 2738 fabulas)
1141 2675 1207 2717 non
1233 2652 1298 2718 alia

145 2765 195 2820 est
216 2779 318 2840 quam
342 2759 487 2843 corporis
510 2779 569 2841 per
590 2757 796 2823 fricationem
820 2757 927 2822 levem
951 2758 1088 2822 excitati
1111 2757 1297 2840 appetitus3
1357 2750 1360 2756 ’
1457 2754 1461 2762 ’

144 2861 200 2942 qui
227 2869 336 2927 aerem
363 2885 430 2927 non
455 2863 541 2926 bene
568 2862 695 2941 tolerat,
719 2864 777 2927 sed
804 2863 894 2926 aliud
919 2861 1079 2944 tangibile
1109 2861 1243 2940 mavult,
1271 2861 1298 2924 si

145 2966 325 3047 reperiatur
340 2968 372 3032 in
389 2967 574 3050 propinquo
583 2965 619 3030 ⁷².

189 3065 239 3154 (7)
262 3069 315 3135 Sit
341 3081 450 3135 motus
475 3069 654 3155 Septimus,
681 3070 795 3134 Motus
825 3067 939 3156 (quem
966 3065 1186 3154 appellamus)
1219 3066 1299 3134 Con·

138 3174 346 3254 gregationis
363 3173 532 3256 Majoris;
563 3194 744 3257 perquem
767 3194 904 3256 corpora
931 3173 1081 3238 feruntur
1106 3174 1150 3237 ad
1174 3193 1299 3236 massas

146 3277 407 3341 connaturalium
430 3297 582 3342 suorum:
613 3277 734 3360 gravia,
756 3277 799 3339 ad
822 3275 959 3359 globum
982 3285 1108 3353 terrae3
1139 3275 1231 3354 levia,
1254 3276 1298 3339 ad

183 3579 206 3611 ⁰⁹
223 3581 293 3635 This
305 3583 327 3634 is
339 3599 374 3636 an
386 3583 513 3651 ordinary
525 3597 588 3635 case
599 3579 632 3634 of
641 3581 779 3634 adbesion.

182 3660 205 3695 ⁷⁰
224 3663 318 3719 These
339 3682 385 3720 are
407 3666 535 3735 capillary
555 3664 736 3732 phenomena.
774 3662 837 3716 The
858 3662 980 3732 hostility
1001 3667 1032 3716 to
1053 3661 1102 3728 air,
1121 3661 1150 3714 in
1168 3659 1203 3713 all
1221 3658 1299 3713 these

147 3749 294 3817 examples,
308 3750 338 3818 is,
351 3748 383 3802 of
393 3765 498 3816 course,
512 3765 527 3802 a
539 3763 616 3800 mere
627 3746 718 3816 fancy.

183 3828 204 3862 ²¹
222 3830 316 3886 These
340 3847 387 3886 are
408 3849 484 3886 cases
508 3830 540 3884 of
561 3831 634 3884 what
658 3845 700 3884 we
723 3827 821 3882 should
846 3829 897 3881 call
919 3827 1059 3880 Chemical
1081 3825 1200 3896 Affinity.
1237 3827 1299 3896 Any

147 3916 255 3968 manual
268 3915 299 3970 of
309 3916 457 3985 chemistry
469 3915 522 3968 will
535 3913 640 3967 fumisb
654 3911 794 3965 abundant
806 3911 945 3979 examples
957 3909 989 3964 of
1004 3909 1077 3963 what
1090 3909 1184 3962 Bacon
1197 3925 1300 3964 means.

149 3994 236 4064 Thus,
250 3998 380 4053 Chlorine
393 3998 572 4067 decomposes
588 3995 714 4050 bromide
732 3993 764 4049 of
778 3995 866 4062 silver‚
883 3994 1003 4062 forming
1020 3992 1150 4047 Chloride
1165 3992 1197 4046 of
1212 3993 1299 4060 silver,

148 4081 203 4135 and
214 4081 383 4150 eliminating
394 4083 529 4136 bromine.

184 4161 206 4194 ⁷²
224 4162 295 4218 This
311 4166 404 4219 attach
418 4182 454 4219 on
468 4165 576 4219 Gilbert
589 4164 701 4236 (whom,
715 4179 744 4216 as
761 4179 803 4216 we
817 4161 886 4216 have
902 4177 967 4215 seen
985 4160 1090 4227 before,
1104 4159 1197 4213 Bacon
1213 4163 1300 4213 treats

149 4247 177 4300 in
196 4263 227 4302 so
247 4249 358 4319 varying
378 4266 394 4303 a
413 4249 538 4319 manner)
561 4249 615 4301 and
641 4246 687 4300 the
711 4245 863 4316 superficial
885 4249 1004 4312 attempt
1025 4249 1054 4296 at
1074 4242 1229 4311 explaining
1252 4242 1300 4296 the

148 4331 240 4386 action
261 4332 294 4386 of
312 4333 465 4402 electricity
485 4349 531 4386 are
551 4331 620 4386 both
638 4329 729 4386 wortb
749 4331 852 4398 noting.
889 4327 969 4381 With
986 4326 1083 4394 regard
1103 4332 1133 4379 to
1152 4326 1200 4379 the
1220 4341 1300 4380 cause

149 4415 182 4470 of
191 4416 238 4470 the
251 4416 416 4486 production
430 4415 462 4470 of
474 4417 627 4486 electricity
639 4415 676 4486 by
688 4414 808 4482 frictiou,
822 4414 936 4481 nothing
954 4413 975 4466 is
992 4412 1103 4465 known.
1140 4409 1301 4480 Electricity

150 4515 213 4571 may
225 4499 281 4555 also
292 4501 328 4554 be
339 4499 481 4571 produced
493 4500 529 4572 by
542 4499 623 4556 other
635 4515 737 4566 means,
750 4515 779 4552 as
791 4498 827 4570 by
840 4497 972 4553 chemical
985 4496 1085 4564 action,
1097 4493 1171 4564 beat,
1184 4493 1235 4549 dcc.

688 4600 767 4651 Min
