3324 5110
327 447 390 516 292
703 435 860 492 Novum
881 433 1098 490 onoArva.

326 604 472 685 aliquam
500 599 731 675 inducendam,
758 609 816 664 aut
840 599 1035 664 industriam
1063 599 1256 683 experiendi
1285 599 1479 664 acuendam.
1577 672 1584 683 ο

328 707 448 788 Itaque
477 704 685 785 conjecturae
715 713 855 778 nostrae,
889 725 976 786 quae
1008 725 1101 785 spem
1132 704 1166 767 in
1198 704 1262 768 hac
1291 724 1326 768 re
1355 703 1480 767 faciunt

327 809 543 894 probabilem,
569 807 767 889 aperiendae
790 816 867 870 sunt
893 817 927 870 et
958 808 1211 890 proponendae:
1239 809 1323 872 sicut
1346 806 1481 872 Colum·

326 913 389 977 bus
412 911 536 989 fecit03,
554 920 633 974 ante
660 910 904 993 navigationem
931 911 1022 974 illam
1047 931 1140 975 suam
1169 910 1352 974 mirabilem
1380 909 1480 973 maris

327 1015 511 1080 Atlantici:
535 1035 610 1078 cum
635 1014 778 1076 rationes
803 1015 991 1089 adduxerit,
1016 1035 1073 1079 cur
1096 1015 1167 1097 ipse
1193 1035 1295 1078 novas
1319 1024 1422 1079 terras
1446 1022 1480 1076 et

328 1121 537 1184 continentes
559 1127 689 1201 praeter
711 1138 775 1195 eas,
799 1139 884 1200 quae
905 1131 983 1184 ante
1006 1119 1159 1201 cognitae
1181 1119 1320 1197 suerunt,
1343 1118 1479 1181 inveniri

327 1243 426 1306 posse
448 1221 649 1286 confideret:
672 1243 758 1304 quae
781 1223 932 1300 rationes
955 1223 1032 1288 licet
1055 1222 1161 1305 primo
1189 1222 1339 1304 rejectae,
1362 1231 1480 1304 postea

327 1335 440 1389 tamen
475 1325 703 1408 experimento
733 1326 892 1408 probatae
928 1336 1014 1405 sunt,
1044 1337 1077 1390 et
1115 1346 1222 1390 rerum
1259 1326 1479 1389 maximarum

328 1449 447 1494 causae
462 1439 496 1494 et
511 1431 604 1494 initia
620 1429 759 1495 luerunt.

832 1577 966 1643 XCIII.

372 1689 572 1772 Principium
588 1688 738 1754 autem⁶⁴
753 1690 953 1754 sumendum
968 1713 989 1755 a
1006 1692 1099 1756 Deo:
1130 1692 1193 1757 hoc
1217 1693 1369 1756 nimirum
1389 1690 1479 1773 quod

328 1793 446 1876 agitur,
466 1802 602 1876 propter
624 1792 845 1858 excellentem
869 1795 902 1857 in
926 1796 997 1876 ipso
1019 1795 1098 1859 boni
1122 1806 1283 1872 naturam,
1308 1795 1482 1860 manifeste

328 1917 349 1959 a
368 1896 443 1960 Deo
465 1917 545 1973 esse,
562 1896 617 1977 qui
641 1896 759 1959 author
781 1897 868 1975 boni,
884 1906 917 1961 et
936 1907 1030 1980 pater
1052 1898 1215 1962 luminum
1239 1908 1298 1964 est.
1344 1899 1383 1962 In
1402 1919 1483 1982 ope-

328 1998 511 2062 rationibus
534 2008 647 2062 autem
674 1998 801 2077 divinis,
826 2001 918 2064 initia
948 2022 1099 2084 quaeque
1129 2002 1322 2066 tenuissima
1351 2003 1481 2066 exitum

329 2113 420 2168 certo
450 2102 595 2166 trahunt.
655 2103 771 2184 Atque
802 2105 891 2187 quod
928 2104 971 2168 de
1002 2107 1227 2187 spiritualibus
1261 2107 1387 2171 dictum
1421 2117 1481 2188 est,

328 2206 480 2288 Regnum
502 2206 568 2269 Dei
588 2228 650 2270 non
673 2208 762 2270 venit
780 2229 852 2272 cum
874 2208 1136 2290 observatz'oneffi,
1156 2212 1190 2276 id
1211 2211 1313 2275 etiam
1336 2211 1369 2274 in
1391 2211 1482 2274 omni

327 2309 456 2394 vmajore
478 2331 577 2393 opere
600 2310 830 2376 Providentiae
853 2313 982 2376 evenire
1005 2315 1186 2396 reperitur;
1218 2326 1253 2379 ut
1276 2317 1388 2378 omnia
1410 2316 1482 2379 sine

329 2416 469 2496 strepitu
497 2423 531 2478 et
555 2415 665 2478 sonitu
692 2414 822 2496 placide
851 2416 1014 2491 labantur,
1037 2427 1139 2500 atque
1165 2439 1215 2482 res
1242 2419 1340 2501 plane
1363 2429 1482 2501 agatur

329 2520 520 2602 priusquam
549 2518 700 2582 homines
727 2539 801 2582 eam
825 2520 879 2601 agi
906 2530 1025 2602 putent
1049 2531 1107 2585 aut
1135 2522 1317 2588 advertant.
1362 2524 1483 2606 Neque

327 2611 515 2687 'omittenda
531 2633 581 2686 est
593 2623 765 2706 prophetia
778 2623 927 2688 Danielis
939 2627 981 2688 de
993 2624 1117 2690 ultimis
1130 2628 1244 2690 mundi
1256 2628 1461 2710 temporibus
1473 2655 1482 2708 ;

327 2726 436 2790 Multi
455 2725 713 2807 pertransibunt,
738 2735 771 2789 et
797 2727 964 2809 multiplex
991 2729 1056 2794 erit
1083 2729 1271 2795 scientia⁰⁶:
1307 2732 1481 2796 manifeste

329 2829 469 2893 innuens
490 2839 523 2893 et
545 2830 743 2911 significans,
759 2852 830 2895 esse
852 2832 886 2894 in
909 2832 994 2908 satis,
1014 2833 1048 2896 id
1071 2843 1130 2912 est,
1151 2835 1184 2897 in
1205 2835 1425 2914 Providentia,
1444 2845 1482 2900 ut

328 2935 546 3017 pertransitus
570 2936 684 2997 mundi
704 2929 775 3018 (qui
799 2956 859 3018 per
881 2945 931 3000 tot
952 2936 1149 3022 longinquas
1173 2939 1399 3022 navigationes
1422 2941 1483 3003 im·

329 3034 440 3120 pletus
466 3037 566 3119 plane
591 3047 650 3102 aut
677 3037 747 3119 jam
779 3040 811 3101 in
837 3061 940 3123 ¹opere
970 3063 1042 3106 esse
1067 3040 1210 3130 videtur)
1240 3053 1274 3108 et
1304 3055 1482 3128 augmenta

330 3140 540 3204 scientiarum
557 3143 590 3203 in
607 3142 748 3206 eandem
763 3152 909 3208 aetatem
925 3145 1081 3212 incidant.

844 3306 969 3374 XCIV.

375 3413 534 3496 Sequitur
549 3415 633 3478 ratio
645 3417 793 3480 omnium
809 3420 958 3485 maxima
969 3422 1012 3486 ad
1028 3422 1213 3488 faciendam
1225 3445 1318 3508 spem
1331 3449 1340 3504 ;
1361 3444 1482 3509 nempe

366 3631 387 3666 ⁸³
408 3634 465 3687 For
476 3651 559 3703 many
571 3653 650 3704 years
662 3635 759 3691 before
772 3639 922 3693 Columbus
937 3657 992 3695 was
1006 3643 1122 3697 enabled
1138 3651 1169 3697 to
1185 3651 1255 3699 start
1271 3663 1308 3700 on
1324 3646 1366 3700 bis
1378 3664 1481 3718 voyage

328 3716 363 3772 of
373 3718 523 3786 discovery,
537 3719 558 3771 it
578 3717 631 3773 had
648 3720 765 3774 become
781 3738 797 3775 a
812 3722 884 3775 lixed
903 3723 964 3777 idea
981 3727 1008 3778 in
1026 3725 1067 3780 bis
1083 3728 1160 3781 mind
1175 3729 1235 3783 that
1254 3730 1316 3783 laud
1332 3747 1387 3785 was
1402 3739 1432 3785 to
1446 3731 1482 3786 be

328 3799 416 3856 found
435 3806 466 3854 to
484 3801 532 3856 the
546 3803 635 3858 West.
673 3803 729 3857 For
747 3803 795 3859 the
814 3822 924 3860 reasons
942 3807 974 3860 of
988 3809 1042 3862 this
1059 3810 1150 3877 belief,
1169 3811 1324 3882 depending
1338 3816 1428 3884 partly
1445 3831 1481 3869 ou

328 3884 441 3952 general
468 3886 657 3954 geographical
682 3888 907 3957 consideratum,
929 3892 1019 3961 partly
1039 3908 1076 3947 on
1095 3895 1144 3948 the
1163 3897 1262 3950 stories
1286 3897 1320 3952 of
1339 3900 1482 3966 mariners,

329 3967 418 4036 partly
431 3983 468 4020 on
483 3968 531 4022 the
543 3969 601 4023 fact
616 3970 678 4024 that
694 3973 786 4039 pleces
802 3971 834 4025 of
846 3973 918 4040 plne,
936 3991 1013 4043 cane,
1030 3978 1085 4031 and
1100 3978 1149 4034 the
1167 3979 1229 4048 like,
1242 3980 1296 4034 had
1312 3982 1383 4036 been
1397 3981 1484 4036 found

329 4050 439 4104 vvashed
458 4051 555 4105 ashore
573 4069 609 4105 on
627 4053 675 4108 the
694 4061 769 4108 coast
785 4055 817 4107 of
827 4056 966 4125 Portugal‚
979 4058 1026 4112 the
1039 4061 1153 4129 Azores,
1166 4061 1224 4130 dec,
1240 4081 1286 4120 see
1300 4065 1483 4134 Washington

332 4133 447 4202 lrving’s
461 4133 523 4189 Life
535 4134 589 4187 and
603 4135 727 4204 Voyages
739 4138 772 4191 of
781 4139 939 4208 Columbus,
952 4141 995 4195 ch.
1011 4160 1034 4208 3.

366 4215 389 4248 ⁰¹
407 4217 486 4270 Here
507 4218 601 4286 begins
620 4218 668 4272 the
689 4223 877 4275 enumeration
897 4223 931 4276 of
948 4225 996 4278 the
1016 4228 1145 4282 Grounds
1166 4229 1198 4282 of
1216 4229 1308 4301 Hope,
1328 4231 1417 4286 which
1437 4249 1485 4288 are

330 4306 505 4370 twenty-one
518 4301 544 4353 in
557 4301 600 4356 all.
638 4301 701 4356 The
713 4307 904 4360 enumeration
917 4308 940 4362 is
951 4311 1107 4380 completed
1120 4313 1147 4366 in
1160 4313 1207 4366 the
1224 4315 1304 4381 rr4tb
1318 4316 1475 4384 Apborism.

367 4380 388 4414 ⁸⁶
407 4383 485 4436 Lulre
498 4385 561 4438 xvii.
575 4402 618 4438 20.

366 4464 388 4496 ⁰⁶
407 4466 507 4519 Daniel
519 4467 565 4521 xii.
579 4487 604 4534 4.
641 4467 711 4522 This
722 4475 784 4524 text
797 4470 884 4525 forms
896 4473 944 4528 the
962 4483 1052 4532 motto
1069 4485 1100 4533 to
1113 4478 1160 4533 the
1173 4478 1349 4550 frontispiece
1361 4483 1487 4552 prefixed

330 4553 362 4602 to
374 4547 421 4602 the
436 4547 457 4600 F
460 4549 509 4602 irst
523 4549 635 4604 Edition
648 4551 681 4606 of
691 4552 738 4606 the
751 4552 861 4609 Novum
875 4557 1025 4625 organum.
