3306 5102
675 430 756 487 cce.
779 429 824 484 ll.
852 419 899 484 18.
1300 440 1363 507 393

210 598 317 663 forma
326 596 361 663 ⁸⁶.
418 596 487 663 Sed
514 595 726 662 nihilominus
755 595 957 680 quandoque
986 593 1229 677 perspicuitatis
1259 615 1365 673 causa,

212 713 246 766 et
261 713 297 766 ut
316 723 394 766 usus
418 701 604 765 tabularum
627 699 745 765 clarius
768 701 1019 777 demonstretur,
1040 699 1235 762 exclusivum
1258 698 1363 781 dupli-

212 827 326 870 camus
341 815 399 870 aut
415 806 604 887 repetimus.

260 1018 464 1102 Exemplum
479 1017 666 1098 exclusr'vae,
682 1018 750 1082 sive
766 1016 943 1100 rcy'cctihnr’s
958 1027 1154 1082 naturarum
1170 1041 1191 1084 a
1206 1019 1311 1084 sorma

733 1120 841 1185 calidi.

238 1272 265 1316 1.
290 1253 352 1316 Per
368 1251 477 1316 radios
492 1251 579 1330 solis,
595 1251 687 1334 rejice
701 1262 851 1316 naturam
867 1251 1103 1317 elementarem
1112 1253 1148 1317 ⁸⁷.

237 1373 266 1421 2.
290 1356 353 1420 Per
367 1356 477 1438 ignem
493 1375 711 1433 communem,
727 1365 761 1419 et
782 1356 929 1418 maxime
949 1376 1008 1439 per
1027 1358 1119 1439 ignes
1137 1357 1367 1422 subterraneos

344 1455 414 1544 (qui
441 1459 650 1522 remotissimi
676 1469 761 1532 sunt,
790 1469 822 1522 et
848 1458 1026 1540 plurimum
1057 1462 1318 1526 intercluduntur
1346 1483 1367 1525 a

343 1562 442 1625 radiis
457 1558 676 1648 coelestibus),
692 1563 784 1643 rejice
798 1571 949 1626 naturam
966 1562 1152 1630 coelestem.

235 1685 264 1750 3.
289 1666 351 1730 Per
376 1666 625 1731 calefactionem
648 1668 862 1749 omnigenum
886 1688 1059 1750 corporum
1083 1667 1160 1753 (hoc
1182 1677 1241 1747 est,
1264 1668 1367 1732 mine·

344 1770 470 1849 ralium,
496 1769 739 1853 vegetabilium,
766 1769 909 1853 partium
937 1773 1139 1836 exteriorum
1166 1771 1367 1850 animalium,

342 1894 456 1956 aquae,
483 1873 555 1951 olei,
578 1874 670 1952 aeris,
696 1883 731 1936 et
760 1873 975 1960 reliquorum)
1005 1896 1048 1938 ex
1078 1875 1369 1958 approximatione

344 1977 414 2041 sola
429 1978 472 2042 ad
494 1978 605 2059 ignem
624 1988 682 2043 aut
700 1979 790 2043 aliud
808 1999 927 2062 corpus
950 1979 1104 2058 calidum,
1119 1979 1212 2061 rejice
1233 2000 1367 2044 omnem

343 2082 536 2146 varietatem
554 2083 621 2145 sive
636 2082 841 2146 subtiliorem
857 2092 1026 2146 texturam
1043 2104 1225 2166 corporum.

237 2202 268 2262 4
291 2184 354 2247 Per
390 2184 511 2248 serrum
548 2194 582 2248 et
620 2183 753 2248 metalla
794 2186 905 2267 ignita,
943 2207 1028 2269 quae
1069 2188 1265 2252 calefaciunt
1304 2186 1369 2251 alia

346 2308 492 2371 corpora,
523 2308 583 2353 nec
613 2297 725 2351 tamen
755 2289 891 2352 omnino
920 2290 1067 2371 pondere
1095 2299 1154 2354 aut
1183 2291 1370 2356 substantia

346 2393 547 2466 minuuntur,
563 2391 658 2474 rejice
673 2389 866 2454 inditionem
885 2391 953 2454 sive
969 2392 1149 2456 mixturam
1165 2394 1370 2458 substantiae

345 2495 479 2559 alterius
494 2494 600 2559 calidi.

239 2611 268 2679 5.
292 2598 355 2661 Per
382 2619 504 2681 aquam
534 2597 714 2662 ferventem
751 2606 854 2680 atque
889 2604 1008 2678 aerem,
1037 2607 1138 2681 atque
1174 2597 1274 2662 etiam
1312 2619 1371 2682 per

348 2701 483 2766 metalla
514 2711 547 2765 et
576 2701 642 2764 alia
671 2700 776 2763 solida
806 2699 973 2779 calefacta,
1003 2701 1063 2764 sed
1093 2722 1159 2764 non
1190 2723 1295 2785 usque
1327 2702 1370 2766 ad

348 2805 542 2887 ignitionem
558 2806 626 2869 sive
642 2805 803 2882 ruborem,
818 2804 912 2886 rejice
925 2804 1033 2869 lucem
1050 2813 1084 2868 et
1099 2804 1210 2869 lumen
1221 2804 1257 2868 ⁸⁸.

240 2907 270 2973 6.
294 2909 356 2972 Per
385 2909 494 2974 radios
524 2911 621 2972 lunae
654 2918 688 2972 et
718 2908 856 2972 aliarum
890 2908 1059 2972 stellarum
1093 2911 1249 2991 (excepto
1279 2906 1371 2998 sole),

347 3013 441 3096 reJ'ice
454 3015 554 3078 etiam
571 3013 678 3077 lucem
694 3023 727 3077 et
741 3013 863 3077 lumen.

242 3129 270 3196 7.
295 3116 358 3180 Per
382 3117 636 3198 comparativam
663 3115 738 3180 ferri
769 3117 863 3198 igniti
894 3125 927 3180 et
958 3116 1113 3180 flammae
1142 3116 1275 3199 spiritus
1304 3117 1371 3182 vini

349 3216 543 3303 (exquibus
565 3220 686 3283 serrum
709 3219 849 3301 ignitum
872 3219 947 3301 plus
968 3219 1070 3283 habet
1093 3220 1188 3285 calidi
1208 3230 1242 3284 et
1265 3221 1373 3284 minus

348 3322 456 3395 lucidi,
474 3322 608 3386 flamma
624 3332 736 3386 autem
753 3322 886 3406 spiritus
905 3323 971 3385 vini
994 3323 1068 3406 plus
1092 3323 1191 3389 lucidi
1213 3333 1246 3388 et
1265 3325 1373 3388 minus

350 3426 447 3491 calidi
456 3424 504 3512 ⁸⁹),
520 3427 613 3509 rejice
627 3428 727 3490 etiam
743 3427 851 3491 lucem
867 3426 1035 3492 etlumen.

255 3619 277 3653 ⁸⁸
298 3624 348 3692 Cp.
363 3630 442 3677 notes
454 3639 491 3676 on
504 3622 574 3692 Aph.
588 3626 629 3677 16.
665 3622 761 3678 These
774 3623 827 3678 will
844 3623 921 3676 show
933 3623 981 3678 the
994 3623 1193 3692 qualifications
1205 3623 1270 3676 with
1283 3622 1372 3676 which

220 3706 338 3760 Bacon's
349 3707 481 3760 assei-tlon
495 3712 568 3759 must
579 3707 615 3760 be
627 3705 721 3761 taken.

255 3787 277 3820 ‘l
295 3790 371 3845 That
383 3791 405 3843 is
416 3791 566 3844 terrestria}
581 3807 610 3842 as
625 3790 747 3858 opposed
763 3794 794 3842 to
811 3789 941 3852 celestini,
955 3789 988 3841 all
1001 3789 1151 3843 terrestrial
1164 3793 1275 3841 natures
1291 3786 1374 3854 being

220 3874 354 3939 regarded
383 3891 413 3928 as
437 3874 584 3940 admitting
607 3872 640 3926 of
667 3872 818 3926 resolution
843 3873 903 3926 into
926 3887 981 3925 oue
1009 3888 1041 3924 or
1071 3886 1149 3924 more
1180 3870 1213 3923 of
1239 3871 1287 3924 the
1311 3869 1375 3924 four

221 3959 364 4012 elements.
676 3989 679 3996 ·

257 4039 278 4072 ὓ
296 4043 304 4070 ‘
309 4043 377 4106 Lux,
387 4040 415 4093 id
425 4039 499 4110 quod
509 4040 603 4094 lumine
616 4037 786 4102 diffunditur,
796 4036 914 4104 claritas,
922 4035 1026 4104 fulgor3
1039 4038 1146 4101 Lumen,
1155 4035 1184 4088 id
1196 4037 1271 4106 quod
1283 4037 1374 4105 splen-

222 4122 318 4176 dorem
331 4123 476 4177 diffundit:
514 4122 675 4188 Diiderlein,
688 4121 715 4174 ii.
729 4123 772 4186 66,
785 4136 814 4174 as
827 4119 931 4188 quoted
943 4120 980 4189 by
994 4119 1050 4174 Mr.
1064 4119 1186 4173 Kitchin.

257 4203 279 4235 ³⁰
297 4206 391 4260 Bacon
417 4207 439 4258 is
463 4204 623 4273 comparing
646 4213 703 4258 two
728 4203 865 4272 disparate
890 4202 1073 4270 phenomena‚
1098 4202 1214 4270 hemely,
1237 4203 1286 4255 the
1310 4203 1375 4256 heat

222 4290 322 4357 an'sing
334 4289 407 4344 from
419 4289 467 4342 the
480 4292 648 4358 consumptiva
661 4287 697 4356 by
711 4287 759 4340 lire
772 4285 805 4339 of
819 4287 911 4354 spirits
926 4285 958 4338 oi
974 4285 1043 4339 wine
1056 4285 1122 4340 with
1134 4285 1181 4340 the
1196 4285 1262 4339 beat
1276 4286 1376 4353 arising

221 4373 295 4428 irom
321 4375 391 4440 iron,
412 4373 491 4426 when
517 4372 620 4440 merely
645 4371 782 4425 rendered
807 4370 929 4424 red-hot.
969 4368 997 4422 if
1018 4386 1060 4423 we
1084 4384 1213 4436 compare
1237 4369 1286 4422 the
1311 4369 1376 4423 heat

222 4458 337 4513 evolved
355 4458 392 4526 by
411 4455 459 4510 the
478 4458 647 4524 comumption
665 4455 698 4508 oi
719 4454 787 4508 both
805 4454 973 4520 substances‚
992 4453 1040 4506 the
1059 4452 1209 4520 advantage
1231 4453 1253 4506 is
1271 4453 1375 4523 greatly

223 4557 260 4600 on
272 4541 321 4596 the
333 4541 391 4596 side
404 4537 437 4626 oi
447 4540 543 4610 spirits
555 4537 588 4594 oi
600 4539 692 4596 Wiue.
728 4538 839 4609 Taking
850 4553 879 4592 as
891 4537 1008 4594 thennal
1021 4538 1081 4594 unit
1094 4536 1142 4594 the
1155 4537 1219 4594 heat
1231 4553 1375 4608 necessary
