<?xml version="1.0" encoding="UTF-8"?>
<!DOCTYPE html PUBLIC "-//W3C//DTD XHTML 1.0 Transitional//EN"
    "http://www.w3.org/TR/xhtml1/DTD/xhtml1-transitional.dtd">
<html xmlns="http://www.w3.org/1999/xhtml" xml:lang="en" lang="en">
 <head>
  <title>
</title>
<meta http-equiv="Content-Type" content="text/html;charset=utf-8" />
  <meta name='ocr-system' content='tesseract 3.04.00' />
  <meta name='ocr-capabilities' content='ocr_page ocr_carea ocr_par ocr_line ocrx_word'/>
</head>
<body>
  <div class='ocr_page' id='page_1' title='image "./baconsnovumorga01fowlgoog/baconsnovumorga01fowlgoog_0476.png"; bbox 0 0 3306 5102; ppageno 0'>
   <div class='ocr_carea' id='block_1_1' title="bbox 619 441 1312 520">
    <p class='ocr_par' dir='ltr' id='par_1_1' title="bbox 619 441 1312 520">
     <span class='ocr_line' id='line_1_1' title="bbox 619 441 1312 520; baseline -0.003 0"><span class='ocrx_word' id='word_1_1' title='bbox 619 441 701 498; x_wconf 72' lang='lat' dir='ltr'><em>LIB-</em></span> <span class='ocrx_word' id='word_1_2' title='bbox 726 442 768 500; x_wconf 77' lang='lat' dir='ltr'>H·</span> <span class='ocrx_word' id='word_1_3' title='bbox 792 447 842 520; x_wconf 83' lang='lat'>35·</span> <span class='ocrx_word' id='word_1_4' title='bbox 1245 449 1312 518; x_wconf 79' lang='lat'>453</span> 
     </span>
    </p>
   </div>
   <div class='ocr_carea' id='block_1_2' title="bbox 159 601 1312 2037">
    <p class='ocr_par' dir='ltr' id='par_1_2' title="bbox 159 601 1312 1310">
     <span class='ocr_line' id='line_1_2' title="bbox 159 601 1310 690; baseline 0.001 -22"><span class='ocrx_word' id='word_1_5' title='bbox 159 601 273 689; x_wconf 85' lang='lat' dir='ltr'>(quarn</span> <span class='ocrx_word' id='word_1_6' title='bbox 288 614 385 670; x_wconf 90' lang='lat' dir='ltr'>vocat</span> <span class='ocrx_word' id='word_1_7' title='bbox 402 601 636 690; x_wconf 80' lang='lat' dir='ltr'>Democritus),</span> <span class='ocrx_word' id='word_1_8' title='bbox 653 625 829 687; x_wconf 90' lang='lat' dir='ltr'>perquam</span> <span class='ocrx_word' id='word_1_9' title='bbox 844 626 932 688; x_wconf 90' lang='lat' dir='ltr'>aqua</span> <span class='ocrx_word' id='word_1_10' title='bbox 948 605 1153 670; x_wconf 90' lang='lat' dir='ltr'>descendens</span> <span class='ocrx_word' id='word_1_11' title='bbox 1168 607 1310 688; x_wconf 90' lang='lat' dir='ltr'>percutit</span> 
     </span>
     <span class='ocr_line' id='line_1_3' title="bbox 160 709 1310 791; baseline 0 -19"><span class='ocrx_word' id='word_1_12' title='bbox 160 718 193 772; x_wconf 91' lang='lat' dir='ltr'>et</span> <span class='ocrx_word' id='word_1_13' title='bbox 215 709 340 773; x_wconf 87' lang='lat' dir='ltr'>attollit</span> <span class='ocrx_word' id='word_1_14' title='bbox 362 716 472 773; x_wconf 72' lang='lat' dir='ltr'>aerem</span> <span class='ocrx_word' id='word_1_15' title='bbox 496 729 644 786; x_wconf 82' lang='lat' dir='ltr'>sursum3</span> <span class='ocrx_word' id='word_1_16' title='bbox 674 729 741 772; x_wconf 92' lang='lat' dir='ltr'>non</span> <span class='ocrx_word' id='word_1_17' title='bbox 765 719 878 774; x_wconf 90' lang='lat' dir='ltr'>autem</span> <span class='ocrx_word' id='word_1_18' title='bbox 905 729 965 791; x_wconf 90' lang='lat' dir='ltr'>per</span> <span class='ocrx_word' id='word_1_19' title='bbox 987 711 1233 773; x_wconf 86' lang='lat' dir='ltr'>contentionem</span> <span class='ocrx_word' id='word_1_20' title='bbox 1253 718 1310 772; x_wconf 91' lang='lat' dir='ltr'>aut</span> 
     </span>
     <span class='ocr_line' id='line_1_4' title="bbox 160 811 1312 896; baseline 0.002 -22"><span class='ocrx_word' id='word_1_21' title='bbox 160 814 278 876; x_wconf 89' lang='lat' dir='ltr'>nixum</span> <span class='ocrx_word' id='word_1_22' title='bbox 304 814 387 876; x_wconf 85' lang='lat' dir='ltr'>ae&#39;ris</span> <span class='ocrx_word' id='word_1_23' title='bbox 414 813 524 895; x_wconf 89' lang='lat' dir='ltr'>ipsius.</span> <span class='ocrx_word' id='word_1_24' title='bbox 567 811 676 894; x_wconf 87' lang='lat' dir='ltr'>Atqui</span> <span class='ocrx_word' id='word_1_25' title='bbox 699 812 755 875; x_wconf 91' lang='lat' dir='ltr'>ubi</span> <span class='ocrx_word' id='word_1_26' title='bbox 777 814 822 876; x_wconf 92' lang='lat' dir='ltr'>ad</span> <span class='ocrx_word' id='word_1_27' title='bbox 845 813 1053 895; x_wconf 87' lang='lat' dir='ltr'>superficiem</span> <span class='ocrx_word' id='word_1_28' title='bbox 1077 814 1184 896; x_wconf 84' lang='lat' dir='ltr'>ipsam</span> <span class='ocrx_word' id='word_1_29' title='bbox 1205 833 1312 896; x_wconf 89' lang='lat' dir='ltr'>aquae</span> 
     </span>
     <span class='ocr_line' id='line_1_5' title="bbox 159 917 1312 1000; baseline 0.001 -22"><span class='ocrx_word' id='word_1_30' title='bbox 159 928 295 981; x_wconf 90' lang='lat' dir='ltr'>ventum</span> <span class='ocrx_word' id='word_1_31' title='bbox 318 917 425 993; x_wconf 83' lang='lat' dir='ltr'>fuerit,</span> <span class='ocrx_word' id='word_1_32' title='bbox 444 927 517 980; x_wconf 91' lang='lat' dir='ltr'>tum</span> <span class='ocrx_word' id='word_1_33' title='bbox 540 917 710 981; x_wconf 87' lang='lat' dir='ltr'>cohibetur</span> <span class='ocrx_word' id='word_1_34' title='bbox 731 924 788 979; x_wconf 83' lang='lat' dir='ltr'>ae&#39;r</span> <span class='ocrx_word' id='word_1_35' title='bbox 809 917 852 979; x_wconf 83' lang='lat' dir='ltr'>ab</span> <span class='ocrx_word' id='word_1_36' title='bbox 875 917 1027 981; x_wconf 89' lang='lat' dir='ltr'>ulteriore</span> <span class='ocrx_word' id='word_1_37' title='bbox 1049 937 1186 981; x_wconf 90' lang='lat' dir='ltr'>ascensu</span> <span class='ocrx_word' id='word_1_38' title='bbox 1197 917 1232 992; x_wconf 79' lang='lat'>⁶⁶,</span> <span class='ocrx_word' id='word_1_39' title='bbox 1252 938 1312 1000; x_wconf 92' lang='lat' dir='ltr'>per</span> 
     </span>
     <span class='ocr_line' id='line_1_6' title="bbox 160 1019 1312 1103; baseline 0.002 -21"><span class='ocrx_word' id='word_1_40' title='bbox 160 1019 267 1084; x_wconf 88' lang='lat' dir='ltr'>levem</span> <span class='ocrx_word' id='word_1_41' title='bbox 283 1021 502 1084; x_wconf 87' lang='lat' dir='ltr'>resistentiam</span> <span class='ocrx_word' id='word_1_42' title='bbox 518 1041 619 1103; x_wconf 91' lang='lat' dir='ltr'>quam</span> <span class='ocrx_word' id='word_1_43' title='bbox 636 1021 758 1102; x_wconf 89' lang='lat' dir='ltr'>reperit</span> <span class='ocrx_word' id='word_1_44' title='bbox 776 1021 809 1083; x_wconf 95' lang='lat' dir='ltr'>in</span> <span class='ocrx_word' id='word_1_45' title='bbox 826 1040 912 1103; x_wconf 92' lang='lat' dir='ltr'>aqua</span> <span class='ocrx_word' id='word_1_46' title='bbox 929 1041 995 1085; x_wconf 91' lang='lat' dir='ltr'>non</span> <span class='ocrx_word' id='word_1_47' title='bbox 1017 1024 1131 1085; x_wconf 91' lang='lat' dir='ltr'>statim</span> <span class='ocrx_word' id='word_1_48' title='bbox 1149 1021 1312 1085; x_wconf 86' lang='lat' dir='ltr'>tolerante</span> 
     </span>
     <span class='ocr_line' id='line_1_7' title="bbox 160 1124 1310 1208; baseline 0.001 -20"><span class='ocrx_word' id='word_1_49' title='bbox 160 1146 196 1188; x_wconf 91' lang='lat' dir='ltr'>se</span> <span class='ocrx_word' id='word_1_50' title='bbox 212 1124 464 1190; x_wconf 89' lang='lat' dir='ltr'>discontinuari:</span> <span class='ocrx_word' id='word_1_51' title='bbox 497 1125 544 1186; x_wconf 91' lang='lat' dir='ltr'>ita</span> <span class='ocrx_word' id='word_1_52' title='bbox 559 1133 595 1188; x_wconf 90' lang='lat' dir='ltr'>ut</span> <span class='ocrx_word' id='word_1_53' title='bbox 611 1124 708 1187; x_wconf 89' lang='lat' dir='ltr'>exilis</span> <span class='ocrx_word' id='word_1_54' title='bbox 723 1124 905 1188; x_wconf 90' lang='lat' dir='ltr'>admodum</span> <span class='ocrx_word' id='word_1_55' title='bbox 922 1125 964 1187; x_wconf 88' lang='lat' dir='ltr'>sit</span> <span class='ocrx_word' id='word_1_56' title='bbox 979 1128 1148 1208; x_wconf 87' lang='lat' dir='ltr'>appetitus</span> <span class='ocrx_word' id='word_1_57' title='bbox 1168 1126 1251 1188; x_wconf 87' lang='lat' dir='ltr'>a&#39;e&#39;ris</span> <span class='ocrx_word' id='word_1_58' title='bbox 1267 1127 1310 1189; x_wconf 97' lang='lat' dir='ltr'>ad</span> 
     </span>
     <span class='ocr_line' id='line_1_8' title="bbox 160 1229 336 1310; baseline 0.011 -19"><span class='ocrx_word' id='word_1_59' title='bbox 160 1229 336 1310; x_wconf 87' lang='lat' dir='ltr'>superiora.</span> 
     </span>
    </p>

    <p class='ocr_par' dir='ltr' id='par_1_3' title="bbox 159 1331 1312 2037">
     <span class='ocr_line' id='line_1_9' title="bbox 206 1331 1310 1414; baseline 0.002 -19"><span class='ocrx_word' id='word_1_60' title='bbox 206 1331 366 1395; x_wconf 88' lang='lat' dir='ltr'>Similiter</span> <span class='ocrx_word' id='word_1_61' title='bbox 388 1331 430 1394; x_wconf 95' lang='lat' dir='ltr'>sit</span> <span class='ocrx_word' id='word_1_62' title='bbox 457 1340 574 1395; x_wconf 90' lang='lat' dir='ltr'>natura</span> <span class='ocrx_word' id='word_1_63' title='bbox 600 1332 755 1414; x_wconf 91' lang='lat' dir='ltr'>inquisita</span> <span class='ocrx_word' id='word_1_64' title='bbox 782 1333 925 1396; x_wconf 91' lang='lat' dir='ltr'>Pondus.</span> <span class='ocrx_word' id='word_1_65' title='bbox 971 1332 1034 1397; x_wconf 88' lang='lat' dir='ltr'>Est</span> <span class='ocrx_word' id='word_1_66' title='bbox 1064 1333 1163 1414; x_wconf 90' lang='lat' dir='ltr'>plane</span> <span class='ocrx_word' id='word_1_67' title='bbox 1193 1333 1310 1397; x_wconf 93' lang='lat' dir='ltr'>divisio</span> 
     </span>
     <span class='ocr_line' id='line_1_10' title="bbox 160 1436 1311 1516; baseline 0.002 -19"><span class='ocrx_word' id='word_1_68' title='bbox 160 1444 301 1516; x_wconf 87' lang='lat' dir='ltr'>recepta,</span> <span class='ocrx_word' id='word_1_69' title='bbox 317 1445 353 1499; x_wconf 92' lang='lat' dir='ltr'>ut</span> <span class='ocrx_word' id='word_1_70' title='bbox 369 1436 471 1498; x_wconf 91' lang='lat' dir='ltr'>densa</span> <span class='ocrx_word' id='word_1_71' title='bbox 488 1447 521 1498; x_wconf 90' lang='lat' dir='ltr'>et</span> <span class='ocrx_word' id='word_1_72' title='bbox 536 1437 643 1499; x_wconf 92' lang='lat' dir='ltr'>solida</span> <span class='ocrx_word' id='word_1_73' title='bbox 657 1436 804 1500; x_wconf 80' lang='lat' dir='ltr'>terantur</span> <span class='ocrx_word' id='word_1_74' title='bbox 818 1457 929 1500; x_wconf 89' lang='lat' dir='ltr'>versus</span> <span class='ocrx_word' id='word_1_75' title='bbox 945 1446 1093 1500; x_wconf 89' lang='lat' dir='ltr'>centrum</span> <span class='ocrx_word' id='word_1_76' title='bbox 1109 1447 1224 1514; x_wconf 88' lang='lat' dir='ltr'>terrae,</span> <span class='ocrx_word' id='word_1_77' title='bbox 1239 1459 1311 1500; x_wconf 91' lang='lat' dir='ltr'>rara</span> 
     </span>
     <span class='ocr_line' id='line_1_11' title="bbox 160 1540 1312 1622; baseline 0.002 -20"><span class='ocrx_word' id='word_1_78' title='bbox 160 1548 271 1602; x_wconf 91' lang='lat' dir='ltr'>autem</span> <span class='ocrx_word' id='word_1_79' title='bbox 288 1548 322 1602; x_wconf 90' lang='lat' dir='ltr'>et</span> <span class='ocrx_word' id='word_1_80' title='bbox 340 1541 452 1603; x_wconf 90' lang='lat' dir='ltr'>tenuia</span> <span class='ocrx_word' id='word_1_81' title='bbox 466 1561 579 1602; x_wconf 87' lang='lat' dir='ltr'>versus</span> <span class='ocrx_word' id='word_1_82' title='bbox 594 1540 757 1604; x_wconf 90' lang='lat' dir='ltr'>ambitum</span> <span class='ocrx_word' id='word_1_83' title='bbox 777 1541 879 1619; x_wconf 82' lang='lat' dir='ltr'>coeli3</span> <span class='ocrx_word' id='word_1_84' title='bbox 909 1550 1069 1622; x_wconf 89' lang='lat' dir='ltr'>tanquam</span> <span class='ocrx_word' id='word_1_85' title='bbox 1092 1543 1134 1605; x_wconf 90' lang='lat' dir='ltr'>ad</span> <span class='ocrx_word' id='word_1_86' title='bbox 1159 1540 1231 1605; x_wconf 88' lang='lat' dir='ltr'>loca</span> <span class='ocrx_word' id='word_1_87' title='bbox 1254 1562 1312 1604; x_wconf 88' lang='lat' dir='ltr'>sua</span> 
     </span>
     <span class='ocr_line' id='line_1_12' title="bbox 159 1641 1311 1730; baseline 0.001 -25"><span class='ocrx_word' id='word_1_88' title='bbox 159 1644 301 1725; x_wconf 90' lang='lat' dir='ltr'>propria.</span> <span class='ocrx_word' id='word_1_89' title='bbox 347 1643 463 1725; x_wconf 86' lang='lat' dir='ltr'>Atque</span> <span class='ocrx_word' id='word_1_90' title='bbox 478 1644 552 1707; x_wconf 91' lang='lat' dir='ltr'>loca</span> <span class='ocrx_word' id='word_1_91' title='bbox 567 1645 656 1726; x_wconf 93' lang='lat' dir='ltr'>quod</span> <span class='ocrx_word' id='word_1_92' title='bbox 677 1645 806 1721; x_wconf 89' lang='lat' dir='ltr'>attinet,</span> <span class='ocrx_word' id='word_1_93' title='bbox 822 1641 913 1730; x_wconf 91' lang='lat' dir='ltr'>(licet</span> <span class='ocrx_word' id='word_1_94' title='bbox 933 1646 966 1708; x_wconf 95' lang='lat' dir='ltr'>in</span> <span class='ocrx_word' id='word_1_95' title='bbox 984 1644 1105 1708; x_wconf 91' lang='lat' dir='ltr'>scholis</span> <span class='ocrx_word' id='word_1_96' title='bbox 1123 1645 1311 1726; x_wconf 89' lang='lat' dir='ltr'>hujusmodi</span> 
     </span>
     <span class='ocr_line' id='line_1_13' title="bbox 161 1745 1311 1832; baseline 0.003 -22"><span class='ocrx_word' id='word_1_97' title='bbox 161 1768 211 1810; x_wconf 91' lang='lat' dir='ltr'>res</span> <span class='ocrx_word' id='word_1_98' title='bbox 222 1745 369 1832; x_wconf 90' lang='lat' dir='ltr'>valeant)</span> <span class='ocrx_word' id='word_1_99' title='bbox 385 1748 483 1829; x_wconf 90' lang='lat' dir='ltr'>plane</span> <span class='ocrx_word' id='word_1_100' title='bbox 495 1749 608 1829; x_wconf 89' lang='lat' dir='ltr'>inepta</span> <span class='ocrx_word' id='word_1_101' title='bbox 625 1756 658 1810; x_wconf 88' lang='lat' dir='ltr'>et</span> <span class='ocrx_word' id='word_1_102' title='bbox 670 1748 803 1829; x_wconf 88' lang='lat' dir='ltr'>puerilis</span> <span class='ocrx_word' id='word_1_103' title='bbox 816 1749 974 1830; x_wconf 87' lang='lat' dir='ltr'>cogitatio</span> <span class='ocrx_word' id='word_1_104' title='bbox 990 1759 1049 1825; x_wconf 91' lang='lat' dir='ltr'>est,</span> <span class='ocrx_word' id='word_1_105' title='bbox 1062 1750 1172 1813; x_wconf 91' lang='lat' dir='ltr'>locum</span> <span class='ocrx_word' id='word_1_106' title='bbox 1188 1750 1311 1831; x_wconf 88' lang='lat' dir='ltr'>aliquid</span> 
     </span>
     <span class='ocr_line' id='line_1_14' title="bbox 160 1847 1312 1934; baseline 0.003 -22"><span class='ocrx_word' id='word_1_107' title='bbox 160 1850 298 1932; x_wconf 80' lang='lat' dir='ltr'>posse⁵⁷.</span> <span class='ocrx_word' id='word_1_108' title='bbox 344 1850 462 1932; x_wconf 90' lang='lat' dir='ltr'>Itaque</span> <span class='ocrx_word' id='word_1_109' title='bbox 478 1858 642 1932; x_wconf 84' lang='lat' dir='ltr'>nugantur</span> <span class='ocrx_word' id='word_1_110' title='bbox 658 1847 846 1933; x_wconf 90' lang='lat' dir='ltr'>philosophi</span> <span class='ocrx_word' id='word_1_111' title='bbox 862 1872 939 1914; x_wconf 94' lang='lat' dir='ltr'>cum</span> <span class='ocrx_word' id='word_1_112' title='bbox 955 1853 1068 1915; x_wconf 90' lang='lat' dir='ltr'>dicant</span> <span class='ocrx_word' id='word_1_113' title='bbox 1084 1855 1182 1934; x_wconf 90' lang='lat' dir='ltr'>quod,</span> <span class='ocrx_word' id='word_1_114' title='bbox 1198 1853 1225 1916; x_wconf 89' lang='lat' dir='ltr'>si</span> <span class='ocrx_word' id='word_1_115' title='bbox 1240 1873 1312 1934; x_wconf 88' lang='lat' dir='ltr'>per·</span> 
     </span>
     <span class='ocr_line' id='line_1_15' title="bbox 160 1952 1312 2037; baseline 0.003 -22"><span class='ocrx_word' id='word_1_116' title='bbox 160 1952 266 2016; x_wconf 81' lang='lat' dir='ltr'>forata</span> <span class='ocrx_word' id='word_1_117' title='bbox 285 1963 371 2017; x_wconf 87' lang='lat' dir='ltr'>esset</span> <span class='ocrx_word' id='word_1_118' title='bbox 387 1963 483 2030; x_wconf 89' lang='lat' dir='ltr'>terra,</span> <span class='ocrx_word' id='word_1_119' title='bbox 500 1974 635 2036; x_wconf 88' lang='lat' dir='ltr'>corpora</span> <span class='ocrx_word' id='word_1_120' title='bbox 654 1954 767 2036; x_wconf 86' lang='lat' dir='ltr'>gravia</span> <span class='ocrx_word' id='word_1_121' title='bbox 790 1975 826 2018; x_wconf 94' lang='lat' dir='ltr'>se</span> <span class='ocrx_word' id='word_1_122' title='bbox 848 1955 1000 2018; x_wconf 88' lang='lat' dir='ltr'>sisterent</span> <span class='ocrx_word' id='word_1_123' title='bbox 1025 1957 1158 2037; x_wconf 90' lang='lat' dir='ltr'>quando</span> <span class='ocrx_word' id='word_1_124' title='bbox 1177 1967 1312 2020; x_wconf 90' lang='lat' dir='ltr'>ventum</span> 
     </span>
    </p>
   </div>
   <div class='ocr_carea' id='block_1_3' title="bbox 161 2133 1313 2202">
    <p class='ocr_par' dir='ltr' id='par_1_4' title="bbox 161 2133 1313 2202">
     <span class='ocr_line' id='line_1_16' title="bbox 161 2133 1313 2202; baseline 0.004 -19"><span class='ocrx_word' id='word_1_125' title='bbox 161 2136 304 2184; x_wconf 89' lang='lat' dir='ltr'>aeternum</span> <span class='ocrx_word' id='word_1_126' title='bbox 317 2139 424 2186; x_wconf 87' lang='lat' dir='ltr'>motum</span> <span class='ocrx_word' id='word_1_127' title='bbox 437 2133 571 2200; x_wconf 87' lang='lat' dir='ltr'>attribuit,</span> <span class='ocrx_word' id='word_1_128' title='bbox 585 2133 623 2185; x_wconf 89' lang='lat' dir='ltr'>ita</span> <span class='ocrx_word' id='word_1_129' title='bbox 639 2138 671 2185; x_wconf 92' lang='lat' dir='ltr'>ut</span> <span class='ocrx_word' id='word_1_130' title='bbox 687 2149 743 2185; x_wconf 89' lang='lat' dir='ltr'>non</span> <span class='ocrx_word' id='word_1_131' title='bbox 760 2133 868 2185; x_wconf 89' lang='lat' dir='ltr'>interna</span> <span class='ocrx_word' id='word_1_132' title='bbox 882 2133 906 2186; x_wconf 86' lang='lat' dir='ltr'>vi</span> <span class='ocrx_word' id='word_1_133' title='bbox 920 2134 1068 2202; x_wconf 85' lang='lat' dir='ltr'>cierentur,</span> <span class='ocrx_word' id='word_1_134' title='bbox 1081 2134 1129 2187; x_wconf 91' lang='lat' dir='ltr'>sed</span> <span class='ocrx_word' id='word_1_135' title='bbox 1142 2135 1313 2188; x_wconf 84' lang='lat' dir='ltr'>extrinsecus</span> 
     </span>
    </p>
   </div>
   <div class='ocr_carea' id='block_1_4' title="bbox 155 2215 1318 4628">
    <p class='ocr_par' dir='ltr' id='par_1_5' title="bbox 157 2215 1313 2534">
     <span class='ocr_line' id='line_1_17' title="bbox 160 2215 1312 2288; baseline 0.003 -21"><span class='ocrx_word' id='word_1_136' title='bbox 160 2231 305 2283; x_wconf 87' lang='lat' dir='ltr'>percussae</span> <span class='ocrx_word' id='word_1_137' title='bbox 317 2222 434 2270; x_wconf 84' lang='lat' dir='ltr'>externo</span> <span class='ocrx_word' id='word_1_138' title='bbox 452 2218 530 2286; x_wconf 90' lang='lat' dir='ltr'>pulsu</span> <span class='ocrx_word' id='word_1_139' title='bbox 544 2217 721 2283; x_wconf 83' lang='lat' dir='ltr'>agitarentur.</span> <span class='ocrx_word' id='word_1_140' title='bbox 759 2215 852 2284; x_wconf 85' lang='lat' dir='ltr'>Hujus</span> <span class='ocrx_word' id='word_1_141' title='bbox 863 2218 1024 2285; x_wconf 87' lang='lat' dir='ltr'>posterioris</span> <span class='ocrx_word' id='word_1_142' title='bbox 1041 2225 1140 2284; x_wconf 90' lang='lat' dir='ltr'>motus,</span> <span class='ocrx_word' id='word_1_143' title='bbox 1154 2220 1200 2288; x_wconf 91' lang='lat' dir='ltr'>qui</span> <span class='ocrx_word' id='word_1_144' title='bbox 1214 2219 1312 2286; x_wconf 89' lang='lat' dir='ltr'>etipse</span> 
     </span>
     <span class='ocr_line' id='line_1_18' title="bbox 159 2298 1313 2369; baseline 0.002 -19"><span class='ocrx_word' id='word_1_145' title='bbox 159 2298 311 2352; x_wconf 82' lang='lat' dir='ltr'>vibratione</span> <span class='ocrx_word' id='word_1_146' title='bbox 324 2305 353 2352; x_wconf 91' lang='lat' dir='ltr'>et</span> <span class='ocrx_word' id='word_1_147' title='bbox 365 2301 498 2367; x_wconf 86' lang='lat' dir='ltr'>vertigine</span> <span class='ocrx_word' id='word_1_148' title='bbox 511 2299 551 2366; x_wconf 88' lang='lat' dir='ltr'>tit,</span> <span class='ocrx_word' id='word_1_149' title='bbox 562 2301 672 2368; x_wconf 86' lang='lat' dir='ltr'>propria</span> <span class='ocrx_word' id='word_1_150' title='bbox 683 2306 735 2366; x_wconf 89' lang='lat' dir='ltr'>est,</span> <span class='ocrx_word' id='word_1_151' title='bbox 745 2300 773 2351; x_wconf 91' lang='lat' dir='ltr'>ni</span> <span class='ocrx_word' id='word_1_152' title='bbox 786 2300 873 2366; x_wconf 88' lang='lat' dir='ltr'>fallor,</span> <span class='ocrx_word' id='word_1_153' title='bbox 883 2308 978 2354; x_wconf 90' lang='lat' dir='ltr'>mutua</span> <span class='ocrx_word' id='word_1_154' title='bbox 990 2302 1114 2369; x_wconf 90' lang='lat' dir='ltr'>impulsio</span> <span class='ocrx_word' id='word_1_155' title='bbox 1124 2302 1313 2368; x_wconf 76' lang='grc' dir='ltr'>ἀλληλοτυπία,</span> 
     </span>
     <span class='ocr_line' id='line_1_19' title="bbox 157 2382 1312 2453; baseline 0.001 -18"><span class='ocrx_word' id='word_1_156' title='bbox 157 2382 301 2449; x_wconf 77' lang='grc' dir='ltr'>ἀντιτυπία,</span> <span class='ocrx_word' id='word_1_157' title='bbox 313 2383 458 2452; x_wconf 63' lang='lat' dir='ltr'>eiuratique</span> <span class='ocrx_word' id='word_1_158' title='bbox 470 2382 558 2452; x_wconf 76' lang='grc' dir='ltr'>ἡπρὸς</span> <span class='ocrx_word' id='word_1_159' title='bbox 570 2383 683 2451; x_wconf 73' lang='grc' dir='ltr'>ἄλληλα,</span> <span class='ocrx_word' id='word_1_160' title='bbox 693 2399 776 2451; x_wconf 89' lang='lat' dir='ltr'>quam</span> <span class='ocrx_word' id='word_1_161' title='bbox 787 2384 887 2436; x_wconf 89' lang='lat' dir='ltr'>Cicero</span> <span class='ocrx_word' id='word_1_162' title='bbox 895 2385 930 2437; x_wconf 87' lang='lat' dir='ltr'>de</span> <span class='ocrx_word' id='word_1_163' title='bbox 938 2383 996 2438; x_wconf 83' lang='lat' dir='ltr'>lato</span> <span class='ocrx_word' id='word_1_164' title='bbox 1009 2401 1068 2453; x_wconf 91' lang='lat' dir='ltr'>cap.</span> <span class='ocrx_word' id='word_1_165' title='bbox 1079 2403 1111 2436; x_wconf 81' lang='lat'>20</span> <span class='ocrx_word' id='word_1_166' title='bbox 1121 2402 1137 2438; x_wconf 91' lang='lat' dir='ltr'>a</span> <span class='ocrx_word' id='word_1_167' title='bbox 1147 2385 1312 2438; x_wconf 89' lang='lat' dir='ltr'>Democrito</span> 
     </span>
     <span class='ocr_line' id='line_1_20' title="bbox 158 2464 729 2534; baseline 0.004 -16"><span class='ocrx_word' id='word_1_168' title='bbox 158 2464 263 2534; x_wconf 77' lang='grc' dir='ltr'>πληγήν</span> <span class='ocrx_word' id='word_1_169' title='bbox 275 2467 444 2521; x_wconf 87' lang='lat' dir='ltr'>nominatam</span> <span class='ocrx_word' id='word_1_170' title='bbox 458 2483 517 2521; x_wconf 89' lang='lat' dir='ltr'>esse</span> <span class='ocrx_word' id='word_1_171' title='bbox 529 2467 665 2533; x_wconf 83' lang='lat' dir='ltr'>testatur‚&#39;</span> <span class='ocrx_word' id='word_1_172' title='bbox 678 2467 729 2520; x_wconf 75' lang='lat' dir='ltr'>&amp;o</span> 
     </span>
    </p>

    <p class='ocr_par' dir='ltr' id='par_1_6' title="bbox 155 2548 1318 3205">
     <span class='ocr_line' id='line_1_21' title="bbox 196 2548 1312 2622; baseline 0.003 -21"><span class='ocrx_word' id='word_1_173' title='bbox 196 2548 289 2602; x_wconf 90' lang='lat' dir='ltr'>Bacon</span> <span class='ocrx_word' id='word_1_174' title='bbox 315 2552 373 2604; x_wconf 88' lang='lat' dir='ltr'>also</span> <span class='ocrx_word' id='word_1_175' title='bbox 398 2551 486 2604; x_wconf 85' lang='lat' dir='ltr'>refers</span> <span class='ocrx_word' id='word_1_176' title='bbox 510 2557 542 2606; x_wconf 90' lang='lat' dir='ltr'>to</span> <span class='ocrx_word' id='word_1_177' title='bbox 566 2552 621 2604; x_wconf 93' lang='lat' dir='ltr'>this</span> <span class='ocrx_word' id='word_1_178' title='bbox 647 2552 757 2604; x_wconf 87' lang='lat' dir='ltr'>‘motus</span> <span class='ocrx_word' id='word_1_179' title='bbox 776 2550 888 2622; x_wconf 84' lang='lat' dir='ltr'>plagae’</span> <span class='ocrx_word' id='word_1_180' title='bbox 914 2550 941 2602; x_wconf 92' lang='lat' dir='ltr'>in</span> <span class='ocrx_word' id='word_1_181' title='bbox 967 2550 1037 2605; x_wconf 74' lang='lat' dir='ltr'>Nor.</span> <span class='ocrx_word' id='word_1_182' title='bbox 1066 2552 1132 2617; x_wconf 89' lang='lat' dir='ltr'>Org.</span> <span class='ocrx_word' id='word_1_183' title='bbox 1155 2551 1182 2604; x_wconf 90' lang='lat' dir='ltr'>ii.</span> <span class='ocrx_word' id='word_1_184' title='bbox 1206 2555 1238 2616; x_wconf 85' lang='lat'>48</span> <span class='ocrx_word' id='word_1_185' title='bbox 1263 2549 1312 2619; x_wconf 84' lang='lat'>(3),</span> 
     </span>
     <span class='ocr_line' id='line_1_22' title="bbox 160 2633 1313 2703; baseline 0 -17"><span class='ocrx_word' id='word_1_186' title='bbox 160 2633 214 2686; x_wconf 89' lang='lat' dir='ltr'>and</span> <span class='ocrx_word' id='word_1_187' title='bbox 231 2633 258 2684; x_wconf 92' lang='lat' dir='ltr'>in</span> <span class='ocrx_word' id='word_1_188' title='bbox 277 2634 355 2703; x_wconf 84' lang='lat' dir='ltr'>Sylva</span> <span class='ocrx_word' id='word_1_189' title='bbox 367 2634 516 2702; x_wconf 81' lang='lat' dir='ltr'>sylvarum,</span> <span class='ocrx_word' id='word_1_190' title='bbox 531 2635 600 2703; x_wconf 87' lang='lat' dir='ltr'>Exp.</span> <span class='ocrx_word' id='word_1_191' title='bbox 616 2653 658 2701; x_wconf 81' lang='lat'>²4·</span> <span class='ocrx_word' id='word_1_192' title='bbox 696 2635 727 2686; x_wconf 88' lang='lat' dir='ltr'>ln</span> <span class='ocrx_word' id='word_1_193' title='bbox 746 2635 793 2687; x_wconf 93' lang='lat' dir='ltr'>the</span> <span class='ocrx_word' id='word_1_194' title='bbox 811 2635 893 2688; x_wconf 85' lang='lat' dir='ltr'>latter</span> <span class='ocrx_word' id='word_1_195' title='bbox 909 2650 1029 2702; x_wconf 80' lang='lat' dir='ltr'>passage,</span> <span class='ocrx_word' id='word_1_196' title='bbox 1047 2635 1082 2687; x_wconf 91' lang='lat' dir='ltr'>he</span> <span class='ocrx_word' id='word_1_197' title='bbox 1098 2651 1174 2703; x_wconf 83' lang='lat' dir='ltr'>says:</span> <span class='ocrx_word' id='word_1_198' title='bbox 1194 2634 1266 2687; x_wconf 87' lang='lat' dir='ltr'>‘But</span> <span class='ocrx_word' id='word_1_199' title='bbox 1284 2651 1313 2686; x_wconf 90' lang='lat' dir='ltr'>as</span> 
     </span>
     <span class='ocr_line' id='line_1_23' title="bbox 160 2715 1312 2784; baseline 0.002 -16"><span class='ocrx_word' id='word_1_200' title='bbox 160 2715 204 2768; x_wconf 76' lang='lat' dir='ltr'>t&#39;or</span> <span class='ocrx_word' id='word_1_201' title='bbox 216 2716 264 2770; x_wconf 88' lang='lat' dir='ltr'>the</span> <span class='ocrx_word' id='word_1_202' title='bbox 275 2717 347 2770; x_wconf 86' lang='lat' dir='ltr'>swift</span> <span class='ocrx_word' id='word_1_203' title='bbox 360 2724 455 2772; x_wconf 89' lang='lat' dir='ltr'>ascent</span> <span class='ocrx_word' id='word_1_204' title='bbox 467 2717 557 2772; x_wconf 84' lang='lat' dir='ltr'>nithe</span> <span class='ocrx_word' id='word_1_205' title='bbox 570 2719 619 2784; x_wconf 89' lang='lat' dir='ltr'>air,</span> <span class='ocrx_word' id='word_1_206' title='bbox 632 2717 712 2772; x_wconf 87' lang='lat' dir='ltr'>while</span> <span class='ocrx_word' id='word_1_207' title='bbox 726 2719 746 2770; x_wconf 89' lang='lat' dir='ltr'>lt</span> <span class='ocrx_word' id='word_1_208' title='bbox 763 2719 785 2771; x_wconf 89' lang='lat' dir='ltr'>is</span> <span class='ocrx_word' id='word_1_209' title='bbox 801 2719 894 2772; x_wconf 88' lang='lat' dir='ltr'>under·</span> <span class='ocrx_word' id='word_1_210' title='bbox 902 2719 950 2772; x_wconf 92' lang='lat' dir='ltr'>the</span> <span class='ocrx_word' id='word_1_211' title='bbox 962 2723 1057 2783; x_wconf 88' lang='lat' dir='ltr'>water,</span> <span class='ocrx_word' id='word_1_212' title='bbox 1070 2718 1131 2771; x_wconf 89' lang='lat' dir='ltr'>that</span> <span class='ocrx_word' id='word_1_213' title='bbox 1144 2719 1166 2770; x_wconf 87' lang='lat' dir='ltr'>is</span> <span class='ocrx_word' id='word_1_214' title='bbox 1179 2735 1194 2770; x_wconf 89' lang='lat' dir='ltr'>a</span> <span class='ocrx_word' id='word_1_215' title='bbox 1207 2717 1312 2770; x_wconf 87' lang='lat' dir='ltr'>motion</span> 
     </span>
     <span class='ocr_line' id='line_1_24' title="bbox 159 2800 1318 2870; baseline 0.002 -18"><span class='ocrx_word' id='word_1_216' title='bbox 159 2800 193 2853; x_wconf 85' lang='lat' dir='ltr'>of</span> <span class='ocrx_word' id='word_1_217' title='bbox 202 2801 359 2870; x_wconf 89' lang='lat' dir='ltr'>percussion</span> <span class='ocrx_word' id='word_1_218' title='bbox 372 2801 445 2855; x_wconf 87' lang='lat' dir='ltr'>from</span> <span class='ocrx_word' id='word_1_219' title='bbox 462 2802 510 2855; x_wconf 87' lang='lat' dir='ltr'>the</span> <span class='ocrx_word' id='word_1_220' title='bbox 528 2809 632 2870; x_wconf 88' lang='lat' dir='ltr'>water;</span> <span class='ocrx_word' id='word_1_221' title='bbox 651 2802 741 2856; x_wconf 86' lang='lat' dir='ltr'>which</span> <span class='ocrx_word' id='word_1_222' title='bbox 755 2801 830 2854; x_wconf 87' lang='lat' dir='ltr'>itself</span> <span class='ocrx_word' id='word_1_223' title='bbox 847 2802 1014 2868; x_wconf 88' lang='lat' dir='ltr'>descending</span> <span class='ocrx_word' id='word_1_224' title='bbox 1026 2802 1134 2855; x_wconf 88' lang='lat' dir='ltr'>driveth</span> <span class='ocrx_word' id='word_1_225' title='bbox 1149 2819 1186 2870; x_wconf 94' lang='lat' dir='ltr'>up</span> <span class='ocrx_word' id='word_1_226' title='bbox 1198 2801 1245 2854; x_wconf 87' lang='lat' dir='ltr'>the</span> <span class='ocrx_word' id='word_1_227' title='bbox 1258 2803 1318 2869; x_wconf 66' lang='lat' dir='ltr'>airy</span> 
     </span>
     <span class='ocr_line' id='line_1_25' title="bbox 160 2883 1313 2954; baseline 0.001 -18"><span class='ocrx_word' id='word_1_228' title='bbox 160 2883 214 2936; x_wconf 91' lang='lat' dir='ltr'>and</span> <span class='ocrx_word' id='word_1_229' title='bbox 235 2900 272 2936; x_wconf 89' lang='lat' dir='ltr'>no</span> <span class='ocrx_word' id='word_1_230' title='bbox 290 2885 396 2936; x_wconf 91' lang='lat' dir='ltr'>motion</span> <span class='ocrx_word' id='word_1_231' title='bbox 415 2885 448 2938; x_wconf 86' lang='lat' dir='ltr'>of</span> <span class='ocrx_word' id='word_1_232' title='bbox 462 2887 545 2954; x_wconf 85' lang='lat' dir='ltr'>levity</span> <span class='ocrx_word' id='word_1_233' title='bbox 564 2887 590 2938; x_wconf 89' lang='lat' dir='ltr'>in</span> <span class='ocrx_word' id='word_1_234' title='bbox 608 2885 657 2940; x_wconf 89' lang='lat' dir='ltr'>the</span> <span class='ocrx_word' id='word_1_235' title='bbox 675 2886 724 2940; x_wconf 88' lang='lat' dir='ltr'>air.</span> <span class='ocrx_word' id='word_1_236' title='bbox 760 2884 824 2938; x_wconf 85' lang='lat' dir='ltr'>And</span> <span class='ocrx_word' id='word_1_237' title='bbox 845 2887 900 2938; x_wconf 91' lang='lat' dir='ltr'>this</span> <span class='ocrx_word' id='word_1_238' title='bbox 922 2886 1102 2938; x_wconf 88' lang='lat' dir='ltr'>Democritus</span> <span class='ocrx_word' id='word_1_239' title='bbox 1123 2885 1210 2939; x_wconf 85' lang='lat' dir='ltr'>called</span> <span class='ocrx_word' id='word_1_240' title='bbox 1231 2897 1313 2938; x_wconf 81' lang='lat' dir='ltr'>morus</span> 
     </span>
     <span class='ocr_line' id='line_1_26' title="bbox 155 2966 1313 3037; baseline 0.002 -17"><span class='ocrx_word' id='word_1_241' title='bbox 155 2966 269 3036; x_wconf 65' lang='lat' dir='ltr'>plagae!</span> <span class='ocrx_word' id='word_1_242' title='bbox 307 2969 333 3021; x_wconf 95' lang='lat' dir='ltr'>lt</span> <span class='ocrx_word' id='word_1_243' title='bbox 346 2970 368 3020; x_wconf 92' lang='lat' dir='ltr'>is</span> <span class='ocrx_word' id='word_1_244' title='bbox 380 2969 478 3023; x_wconf 90' lang='lat' dir='ltr'>almost</span> <span class='ocrx_word' id='word_1_245' title='bbox 492 2971 614 3023; x_wconf 87' lang='lat' dir='ltr'>needless</span> <span class='ocrx_word' id='word_1_246' title='bbox 631 2976 661 3022; x_wconf 92' lang='lat' dir='ltr'>to</span> <span class='ocrx_word' id='word_1_247' title='bbox 678 2970 793 3023; x_wconf 86' lang='lat' dir='ltr'>observe</span> <span class='ocrx_word' id='word_1_248' title='bbox 809 2968 870 3022; x_wconf 89' lang='lat' dir='ltr'>that</span> <span class='ocrx_word' id='word_1_249' title='bbox 884 2969 1000 3022; x_wconf 85' lang='lat' dir='ltr'>Bacon&#39;s</span> <span class='ocrx_word' id='word_1_250' title='bbox 1017 2969 1191 3037; x_wconf 86' lang='lat' dir='ltr'>explanation</span> <span class='ocrx_word' id='word_1_251' title='bbox 1203 2968 1226 3022; x_wconf 90' lang='lat' dir='ltr'>is</span> <span class='ocrx_word' id='word_1_252' title='bbox 1237 2968 1313 3022; x_wconf 84' lang='lat' dir='ltr'>false.</span> 
     </span>
     <span class='ocr_line' id='line_1_27' title="bbox 161 3050 1314 3122; baseline 0.001 -19"><span class='ocrx_word' id='word_1_253' title='bbox 161 3050 225 3104; x_wconf 88' lang='lat' dir='ltr'>The</span> <span class='ocrx_word' id='word_1_254' title='bbox 250 3051 350 3118; x_wconf 90' lang='lat' dir='ltr'>lighter</span> <span class='ocrx_word' id='word_1_255' title='bbox 376 3054 512 3121; x_wconf 88' lang='lat' dir='ltr'>particles,</span> <span class='ocrx_word' id='word_1_256' title='bbox 532 3052 563 3106; x_wconf 83' lang='lat' dir='ltr'>ol</span> <span class='ocrx_word' id='word_1_257' title='bbox 586 3069 692 3120; x_wconf 81' lang='lat' dir='ltr'>course,</span> <span class='ocrx_word' id='word_1_258' title='bbox 720 3053 883 3122; x_wconf 85' lang='lat' dir='ltr'>necessarily</span> <span class='ocrx_word' id='word_1_259' title='bbox 902 3055 955 3106; x_wconf 89' lang='lat' dir='ltr'>rise</span> <span class='ocrx_word' id='word_1_260' title='bbox 975 3058 1007 3106; x_wconf 93' lang='lat' dir='ltr'>to</span> <span class='ocrx_word' id='word_1_261' title='bbox 1028 3052 1076 3105; x_wconf 90' lang='lat' dir='ltr'>the</span> <span class='ocrx_word' id='word_1_262' title='bbox 1098 3051 1213 3118; x_wconf 79' lang='lat' dir='ltr'>surface,</span> <span class='ocrx_word' id='word_1_263' title='bbox 1232 3052 1314 3119; x_wconf 81' lang='lat' dir='ltr'>being</span> 
     </span>
     <span class='ocr_line' id='line_1_28' title="bbox 160 3133 1074 3205; baseline 0.004 -19"><span class='ocrx_word' id='word_1_264' title='bbox 160 3133 296 3202; x_wconf 81' lang='lat' dir='ltr'>displaced</span> <span class='ocrx_word' id='word_1_265' title='bbox 308 3133 345 3203; x_wconf 92' lang='lat' dir='ltr'>by</span> <span class='ocrx_word' id='word_1_266' title='bbox 356 3135 404 3189; x_wconf 90' lang='lat' dir='ltr'>the</span> <span class='ocrx_word' id='word_1_267' title='bbox 417 3137 526 3190; x_wconf 83' lang='lat' dir='ltr'>heavier</span> <span class='ocrx_word' id='word_1_268' title='bbox 537 3138 665 3205; x_wconf 87' lang='lat' dir='ltr'>particles</span> <span class='ocrx_word' id='word_1_269' title='bbox 677 3137 766 3190; x_wconf 86' lang='lat' dir='ltr'>which</span> <span class='ocrx_word' id='word_1_270' title='bbox 778 3137 839 3190; x_wconf 77' lang='lat' dir='ltr'>sini</span> <span class='ocrx_word' id='word_1_271' title='bbox 851 3144 882 3189; x_wconf 94' lang='lat' dir='ltr'>to</span> <span class='ocrx_word' id='word_1_272' title='bbox 895 3136 943 3189; x_wconf 90' lang='lat' dir='ltr'>the</span> <span class='ocrx_word' id='word_1_273' title='bbox 955 3135 1074 3190; x_wconf 88' lang='lat' dir='ltr'>bottom.</span> 
     </span>
    </p>

    <p class='ocr_par' dir='ltr' id='par_1_7' title="bbox 160 3215 1314 3440">
     <span class='ocr_line' id='line_1_29' title="bbox 196 3215 1314 3288; baseline 0.002 -18"><span class='ocrx_word' id='word_1_274' title='bbox 196 3215 218 3247; x_wconf 64' lang='grc' dir='ltr'><strong><em>Μ</em></strong></span> <span class='ocrx_word' id='word_1_275' title='bbox 236 3218 306 3271; x_wconf 89' lang='lat' dir='ltr'>This</span> <span class='ocrx_word' id='word_1_276' title='bbox 318 3218 374 3273; x_wconf 86' lang='lat' dir='ltr'>fact</span> <span class='ocrx_word' id='word_1_277' title='bbox 387 3221 408 3272; x_wconf 88' lang='lat' dir='ltr'>is</span> <span class='ocrx_word' id='word_1_278' title='bbox 421 3220 474 3273; x_wconf 92' lang='lat' dir='ltr'>due</span> <span class='ocrx_word' id='word_1_279' title='bbox 487 3226 517 3273; x_wconf 90' lang='lat' dir='ltr'>to</span> <span class='ocrx_word' id='word_1_280' title='bbox 529 3221 577 3274; x_wconf 93' lang='lat' dir='ltr'>the</span> <span class='ocrx_word' id='word_1_281' title='bbox 590 3220 668 3274; x_wconf 87' lang='lat' dir='ltr'>force</span> <span class='ocrx_word' id='word_1_282' title='bbox 680 3220 713 3275; x_wconf 87' lang='lat' dir='ltr'>ol</span> <span class='ocrx_word' id='word_1_283' title='bbox 721 3221 853 3274; x_wconf 88' lang='lat' dir='ltr'>cohesion</span> <span class='ocrx_word' id='word_1_284' title='bbox 868 3221 894 3272; x_wconf 94' lang='lat' dir='ltr'>in</span> <span class='ocrx_word' id='word_1_285' title='bbox 906 3220 955 3273; x_wconf 91' lang='lat' dir='ltr'>the</span> <span class='ocrx_word' id='word_1_286' title='bbox 967 3220 1094 3288; x_wconf 89' lang='lat' dir='ltr'>particles</span> <span class='ocrx_word' id='word_1_287' title='bbox 1106 3219 1139 3272; x_wconf 85' lang='lat' dir='ltr'>oi</span> <span class='ocrx_word' id='word_1_288' title='bbox 1148 3226 1242 3286; x_wconf 91' lang='lat' dir='ltr'>water,</span> <span class='ocrx_word' id='word_1_289' title='bbox 1255 3218 1314 3286; x_wconf 90' lang='lat' dir='ltr'>but,</span> 
     </span>
     <span class='ocr_line' id='line_1_30' title="bbox 160 3301 1313 3372; baseline 0.003 -19"><span class='ocrx_word' id='word_1_290' title='bbox 160 3301 240 3354; x_wconf 88' lang='lat' dir='ltr'>when</span> <span class='ocrx_word' id='word_1_291' title='bbox 252 3301 313 3354; x_wconf 91' lang='lat' dir='ltr'>that</span> <span class='ocrx_word' id='word_1_292' title='bbox 325 3301 402 3356; x_wconf 84' lang='lat' dir='ltr'>force</span> <span class='ocrx_word' id='word_1_293' title='bbox 416 3304 437 3356; x_wconf 92' lang='lat' dir='ltr'>is</span> <span class='ocrx_word' id='word_1_294' title='bbox 450 3319 597 3357; x_wconf 88' lang='lat' dir='ltr'>overcome</span> <span class='ocrx_word' id='word_1_295' title='bbox 608 3303 646 3371; x_wconf 87' lang='lat' dir='ltr'>by</span> <span class='ocrx_word' id='word_1_296' title='bbox 658 3304 706 3358; x_wconf 92' lang='lat' dir='ltr'>the</span> <span class='ocrx_word' id='word_1_297' title='bbox 717 3305 815 3358; x_wconf 85' lang='lat' dir='ltr'>efforts</span> <span class='ocrx_word' id='word_1_298' title='bbox 826 3303 859 3357; x_wconf 88' lang='lat' dir='ltr'>of</span> <span class='ocrx_word' id='word_1_299' title='bbox 872 3303 921 3357; x_wconf 89' lang='lat' dir='ltr'>the</span> <span class='ocrx_word' id='word_1_300' title='bbox 935 3304 975 3358; x_wconf 87' lang='lat' dir='ltr'>air</span> <span class='ocrx_word' id='word_1_301' title='bbox 986 3309 1017 3357; x_wconf 94' lang='lat' dir='ltr'>to</span> <span class='ocrx_word' id='word_1_302' title='bbox 1031 3319 1137 3372; x_wconf 90' lang='lat' dir='ltr'>escape,</span> <span class='ocrx_word' id='word_1_303' title='bbox 1150 3304 1198 3356; x_wconf 91' lang='lat' dir='ltr'>the</span> <span class='ocrx_word' id='word_1_304' title='bbox 1211 3303 1313 3357; x_wconf 91' lang='lat' dir='ltr'>bubble</span> 
     </span>
     <span class='ocr_line' id='line_1_31' title="bbox 160 3385 261 3440; baseline 0.02 -2"><span class='ocrx_word' id='word_1_305' title='bbox 160 3385 261 3440; x_wconf 86' lang='lat' dir='ltr'>bursts.</span> 
     </span>
    </p>

    <p class='ocr_par' dir='ltr' id='par_1_8' title="bbox 155 3467 1316 4628">
     <span class='ocr_line' id='line_1_32' title="bbox 195 3467 1315 3543; baseline 0.003 -22"><span class='ocrx_word' id='word_1_306' title='bbox 195 3467 218 3500; x_wconf 76' lang='lat'>⁶⁷</span> <span class='ocrx_word' id='word_1_307' title='bbox 236 3470 352 3524; x_wconf 91' lang='lat' dir='ltr'>Bacon’s</span> <span class='ocrx_word' id='word_1_308' title='bbox 364 3487 426 3525; x_wconf 85' lang='lat' dir='ltr'>own</span> <span class='ocrx_word' id='word_1_309' title='bbox 439 3472 538 3542; x_wconf 87' lang='lat' dir='ltr'>theory</span> <span class='ocrx_word' id='word_1_310' title='bbox 546 3473 685 3543; x_wconf 62' lang='lat' dir='ltr'>ermently</span> <span class='ocrx_word' id='word_1_311' title='bbox 694 3473 777 3540; x_wconf 89' lang='lat' dir='ltr'>being</span> <span class='ocrx_word' id='word_1_312' title='bbox 786 3473 846 3527; x_wconf 89' lang='lat' dir='ltr'>that</span> <span class='ocrx_word' id='word_1_313' title='bbox 858 3474 880 3526; x_wconf 91' lang='lat' dir='ltr'>it</span> <span class='ocrx_word' id='word_1_314' title='bbox 892 3473 914 3526; x_wconf 90' lang='lat' dir='ltr'>is</span> <span class='ocrx_word' id='word_1_315' title='bbox 924 3479 976 3527; x_wconf 91' lang='lat' dir='ltr'>not</span> <span class='ocrx_word' id='word_1_316' title='bbox 985 3473 1071 3542; x_wconf 89' lang='lat' dir='ltr'>place,</span> <span class='ocrx_word' id='word_1_317' title='bbox 1082 3471 1133 3526; x_wconf 90' lang='lat' dir='ltr'>but</span> <span class='ocrx_word' id='word_1_318' title='bbox 1146 3471 1315 3540; x_wconf 88' lang='lat' dir='ltr'>‘sympathia</span> 
     </span>
     <span class='ocr_line' id='line_1_33' title="bbox 160 3553 1315 3626; baseline -0.001 -20"><span class='ocrx_word' id='word_1_319' title='bbox 160 3554 215 3606; x_wconf 83' lang='lat' dir='ltr'>sive</span> <span class='ocrx_word' id='word_1_320' title='bbox 235 3569 383 3608; x_wconf 89' lang='lat' dir='ltr'>consensus</span> <span class='ocrx_word' id='word_1_321' title='bbox 401 3572 464 3610; x_wconf 89' lang='lat' dir='ltr'>cum</span> <span class='ocrx_word' id='word_1_322' title='bbox 486 3557 539 3610; x_wconf 88' lang='lat' dir='ltr'>alio</span> <span class='ocrx_word' id='word_1_323' title='bbox 556 3558 691 3626; x_wconf 85' lang='lat' dir='ltr'>corpore,’</span> <span class='ocrx_word' id='word_1_324' title='bbox 711 3557 802 3610; x_wconf 89' lang='lat' dir='ltr'>which</span> <span class='ocrx_word' id='word_1_325' title='bbox 821 3556 988 3610; x_wconf 88' lang='lat' dir='ltr'>determines</span> <span class='ocrx_word' id='word_1_326' title='bbox 1005 3556 1054 3609; x_wconf 91' lang='lat' dir='ltr'>the</span> <span class='ocrx_word' id='word_1_327' title='bbox 1072 3556 1177 3608; x_wconf 90' lang='lat' dir='ltr'>motion</span> <span class='ocrx_word' id='word_1_328' title='bbox 1195 3553 1228 3607; x_wconf 86' lang='lat' dir='ltr'>of</span> <span class='ocrx_word' id='word_1_329' title='bbox 1247 3555 1315 3620; x_wconf 87' lang='lat' dir='ltr'>light</span> 
     </span>
     <span class='ocr_line' id='line_1_34' title="bbox 160 3636 1315 3709; baseline 0 -21"><span class='ocrx_word' id='word_1_330' title='bbox 160 3636 250 3704; x_wconf 90' lang='lat' dir='ltr'>things</span> <span class='ocrx_word' id='word_1_331' title='bbox 263 3638 388 3706; x_wconf 87' lang='lat' dir='ltr'>upwards</span> <span class='ocrx_word' id='word_1_332' title='bbox 400 3639 453 3692; x_wconf 90' lang='lat' dir='ltr'>and</span> <span class='ocrx_word' id='word_1_333' title='bbox 466 3639 552 3709; x_wconf 87' lang='lat' dir='ltr'>heavy</span> <span class='ocrx_word' id='word_1_334' title='bbox 564 3641 655 3706; x_wconf 87' lang='lat' dir='ltr'>things</span> <span class='ocrx_word' id='word_1_335' title='bbox 668 3639 847 3693; x_wconf 88' lang='lat' dir='ltr'>downwards.</span> <span class='ocrx_word' id='word_1_336' title='bbox 879 3641 930 3693; x_wconf 89' lang='lat' dir='ltr'>See</span> <span class='ocrx_word' id='word_1_337' title='bbox 943 3657 958 3692; x_wconf 90' lang='lat' dir='ltr'>a</span> <span class='ocrx_word' id='word_1_338' title='bbox 970 3639 1085 3703; x_wconf 84' lang='lat' dir='ltr'>striking</span> <span class='ocrx_word' id='word_1_339' title='bbox 1096 3653 1217 3706; x_wconf 85' lang='lat' dir='ltr'>passage,</span> <span class='ocrx_word' id='word_1_340' title='bbox 1225 3636 1315 3689; x_wconf 87' lang='lat' dir='ltr'>which</span> 
     </span>
     <span class='ocr_line' id='line_1_35' title="bbox 160 3719 1316 3790; baseline -0.003 -18"><span class='ocrx_word' id='word_1_341' title='bbox 160 3721 182 3773; x_wconf 89' lang='lat' dir='ltr'>is</span> <span class='ocrx_word' id='word_1_342' title='bbox 200 3721 307 3788; x_wconf 82' lang='lat' dir='ltr'>euactly</span> <span class='ocrx_word' id='word_1_343' title='bbox 324 3727 354 3774; x_wconf 94' lang='lat' dir='ltr'>to</span> <span class='ocrx_word' id='word_1_344' title='bbox 372 3722 422 3776; x_wconf 89' lang='lat' dir='ltr'>the</span> <span class='ocrx_word' id='word_1_345' title='bbox 441 3723 528 3790; x_wconf 90' lang='lat' dir='ltr'>point,</span> <span class='ocrx_word' id='word_1_346' title='bbox 544 3724 571 3776; x_wconf 89' lang='lat' dir='ltr'>in</span> <span class='ocrx_word' id='word_1_347' title='bbox 590 3723 637 3776; x_wconf 91' lang='lat' dir='ltr'>the</span> <span class='ocrx_word' id='word_1_348' title='bbox 656 3723 805 3789; x_wconf 87' lang='lat' dir='ltr'>beginning</span> <span class='ocrx_word' id='word_1_349' title='bbox 823 3721 856 3774; x_wconf 85' lang='lat' dir='ltr'>of</span> <span class='ocrx_word' id='word_1_350' title='bbox 870 3723 918 3775; x_wconf 89' lang='lat' dir='ltr'>the</span> <span class='ocrx_word' id='word_1_351' title='bbox 937 3721 1048 3774; x_wconf 89' lang='lat' dir='ltr'>Thema</span> <span class='ocrx_word' id='word_1_352' title='bbox 1064 3721 1141 3772; x_wconf 89' lang='lat' dir='ltr'>Coeli</span> <span class='ocrx_word' id='word_1_353' title='bbox 1155 3720 1201 3788; x_wconf 86' lang='lat' dir='ltr'>(E.</span> <span class='ocrx_word' id='word_1_354' title='bbox 1213 3719 1267 3771; x_wconf 92' lang='lat' dir='ltr'>and</span> <span class='ocrx_word' id='word_1_355' title='bbox 1280 3720 1316 3786; x_wconf 86' lang='lat' dir='ltr'>S.,</span> 
     </span>
     <span class='ocr_line' id='line_1_36' title="bbox 159 3802 1315 3875; baseline 0 -19"><span class='ocrx_word' id='word_1_356' title='bbox 159 3805 212 3857; x_wconf 83' lang='lat' dir='ltr'>vol.</span> <span class='ocrx_word' id='word_1_357' title='bbox 225 3805 261 3857; x_wconf 91' lang='lat' dir='ltr'>iii.</span> <span class='ocrx_word' id='word_1_358' title='bbox 278 3820 304 3873; x_wconf 90' lang='lat' dir='ltr'>p.</span> <span class='ocrx_word' id='word_1_359' title='bbox 323 3802 406 3872; x_wconf 87' lang='lat'><strong>769):</strong></span> <span class='ocrx_word' id='word_1_360' title='bbox 425 3807 561 3860; x_wconf 89' lang='lat' dir='ltr'>‘Videtur</span> <span class='ocrx_word' id='word_1_361' title='bbox 578 3807 670 3875; x_wconf 89' lang='lat' dir='ltr'>itaque</span> <span class='ocrx_word' id='word_1_362' title='bbox 689 3812 787 3859; x_wconf 87' lang='lat' dir='ltr'>natura</span> <span class='ocrx_word' id='word_1_363' title='bbox 806 3820 899 3858; x_wconf 85' lang='lat' dir='ltr'>rerum</span> <span class='ocrx_word' id='word_1_364' title='bbox 919 3805 946 3857; x_wconf 91' lang='lat' dir='ltr'>in</span> <span class='ocrx_word' id='word_1_365' title='bbox 965 3803 1156 3872; x_wconf 89' lang='lat' dir='ltr'>dispertitione</span> <span class='ocrx_word' id='word_1_366' title='bbox 1174 3803 1315 3869; x_wconf 83' lang='lat' dir='ltr'>materiae,</span> 
     </span>
     <span class='ocr_line' id='line_1_37' title="bbox 159 3886 1314 3958; baseline -0.003 -16"><span class='ocrx_word' id='word_1_367' title='bbox 159 3889 309 3942; x_wconf 89' lang='lat' dir='ltr'>disclusisse</span> <span class='ocrx_word' id='word_1_368' title='bbox 329 3890 422 3944; x_wconf 89' lang='lat' dir='ltr'>tenuia</span> <span class='ocrx_word' id='word_1_369' title='bbox 440 3907 455 3943; x_wconf 91' lang='lat' dir='ltr'>a</span> <span class='ocrx_word' id='word_1_370' title='bbox 473 3891 585 3953; x_wconf 79' lang='lat' dir='ltr'>crassis3</span> <span class='ocrx_word' id='word_1_371' title='bbox 614 3897 697 3958; x_wconf 90' lang='lat' dir='ltr'>atque</span> <span class='ocrx_word' id='word_1_372' title='bbox 715 3889 827 3956; x_wconf 86' lang='lat' dir='ltr'>globum</span> <span class='ocrx_word' id='word_1_373' title='bbox 846 3895 938 3941; x_wconf 88' lang='lat' dir='ltr'>terrae</span> <span class='ocrx_word' id='word_1_374' title='bbox 957 3888 1061 3954; x_wconf 88' lang='lat' dir='ltr'>crassis,</span> <span class='ocrx_word' id='word_1_375' title='bbox 1081 3887 1173 3939; x_wconf 88' lang='lat' dir='ltr'>omnia</span> <span class='ocrx_word' id='word_1_376' title='bbox 1194 3902 1260 3939; x_wconf 88' lang='lat' dir='ltr'>vero</span> <span class='ocrx_word' id='word_1_377' title='bbox 1279 3886 1314 3938; x_wconf 87' lang='lat' dir='ltr'>ab</span> 
     </span>
     <span class='ocr_line' id='line_1_38' title="bbox 159 3969 1313 4040; baseline -0.003 -15"><span class='ocrx_word' id='word_1_378' title='bbox 159 3973 217 4040; x_wconf 89' lang='lat' dir='ltr'>ipsa</span> <span class='ocrx_word' id='word_1_379' title='bbox 239 3972 382 4039; x_wconf 86' lang='lat' dir='ltr'>superficie</span> <span class='ocrx_word' id='word_1_380' title='bbox 406 3979 497 4026; x_wconf 88' lang='lat' dir='ltr'>terrae</span> <span class='ocrx_word' id='word_1_381' title='bbox 521 3979 550 4026; x_wconf 90' lang='lat' dir='ltr'>et</span> <span class='ocrx_word' id='word_1_382' title='bbox 571 3987 704 4040; x_wconf 87' lang='lat' dir='ltr'>aquarum</span> <span class='ocrx_word' id='word_1_383' title='bbox 726 3971 762 4026; x_wconf 90' lang='lat' dir='ltr'>ad</span> <span class='ocrx_word' id='word_1_384' title='bbox 782 3971 878 4024; x_wconf 88' lang='lat' dir='ltr'>ultima</span> <span class='ocrx_word' id='word_1_385' title='bbox 899 3971 969 4023; x_wconf 90' lang='lat' dir='ltr'>coeli</span> <span class='ocrx_word' id='word_1_386' title='bbox 994 3985 1081 4038; x_wconf 90' lang='lat' dir='ltr'>usque</span> <span class='ocrx_word' id='word_1_387' title='bbox 1105 3969 1233 4022; x_wconf 88' lang='lat' dir='ltr'>tenuibus</span> <span class='ocrx_word' id='word_1_388' title='bbox 1257 3970 1313 4022; x_wconf 89' lang='lat' dir='ltr'>slve</span> 
     </span>
     <span class='ocr_line' id='line_1_39' title="bbox 159 4052 1314 4124; baseline -0.002 -16"><span class='ocrx_word' id='word_1_389' title='bbox 159 4055 338 4124; x_wconf 83' lang='lat' dir='ltr'>pneumaticis</span> <span class='ocrx_word' id='word_1_390' title='bbox 356 4057 519 4124; x_wconf 83' lang='lat' dir='ltr'>assignasse3</span> <span class='ocrx_word' id='word_1_391' title='bbox 546 4061 677 4124; x_wconf 87' lang='lat' dir='ltr'>tanquam</span> <span class='ocrx_word' id='word_1_392' title='bbox 698 4055 810 4122; x_wconf 86' lang='lat' dir='ltr'>geminis</span> <span class='ocrx_word' id='word_1_393' title='bbox 829 4069 923 4107; x_wconf 79' lang='lat' dir='ltr'>rernm</span> <span class='ocrx_word' id='word_1_394' title='bbox 945 4053 1075 4106; x_wconf 84' lang='lat' dir='ltr'>classibus</span> <span class='ocrx_word' id='word_1_395' title='bbox 1096 4052 1239 4120; x_wconf 87' lang='lat' dir='ltr'>primariis,</span> <span class='ocrx_word' id='word_1_396' title='bbox 1259 4068 1314 4106; x_wconf 89' lang='lat' dir='ltr'>non</span> 
     </span>
     <span class='ocr_line' id='line_1_40' title="bbox 158 4135 1313 4207; baseline -0.005 -14"><span class='ocrx_word' id='word_1_397' title='bbox 158 4141 253 4207; x_wconf 85' lang='lat' dir='ltr'>aequis</span> <span class='ocrx_word' id='word_1_398' title='bbox 270 4139 375 4192; x_wconf 90' lang='lat' dir='ltr'>scilicet</span> <span class='ocrx_word' id='word_1_399' title='bbox 393 4139 442 4192; x_wconf 88' lang='lat' dir='ltr'>sed</span> <span class='ocrx_word' id='word_1_400' title='bbox 459 4138 688 4192; x_wconf 84' lang='lat' dir='ltr'>convenientibus</span> <span class='ocrx_word' id='word_1_401' title='bbox 706 4137 887 4207; x_wconf 79' lang='lat' dir='ltr'>portionibus.</span> <span class='ocrx_word' id='word_1_402' title='bbox 924 4135 1023 4204; x_wconf 89' lang='lat' dir='ltr'>Neque</span> <span class='ocrx_word' id='word_1_403' title='bbox 1043 4151 1110 4189; x_wconf 85' lang='lat' dir='ltr'>vero</span> <span class='ocrx_word' id='word_1_404' title='bbox 1129 4136 1171 4188; x_wconf 86' lang='lat' dir='ltr'>vel</span> <span class='ocrx_word' id='word_1_405' title='bbox 1192 4151 1263 4204; x_wconf 87' lang='lat' dir='ltr'>aqua</span> <span class='ocrx_word' id='word_1_406' title='bbox 1285 4136 1313 4187; x_wconf 91' lang='lat' dir='ltr'>in</span> 
     </span>
     <span class='ocr_line' id='line_1_41' title="bbox 156 4219 1313 4288; baseline -0.003 -12"><span class='ocrx_word' id='word_1_407' title='bbox 156 4222 275 4276; x_wconf 90' lang='lat' dir='ltr'>nubibus</span> <span class='ocrx_word' id='word_1_408' title='bbox 287 4223 403 4276; x_wconf 89' lang='lat' dir='ltr'>haerens</span> <span class='ocrx_word' id='word_1_409' title='bbox 415 4223 457 4277; x_wconf 87' lang='lat' dir='ltr'>vel</span> <span class='ocrx_word' id='word_1_410' title='bbox 470 4229 568 4277; x_wconf 87' lang='lat' dir='ltr'>ventus</span> <span class='ocrx_word' id='word_1_411' title='bbox 580 4223 608 4276; x_wconf 89' lang='lat' dir='ltr'>ln</span> <span class='ocrx_word' id='word_1_412' title='bbox 620 4229 695 4276; x_wconf 88' lang='lat' dir='ltr'>terra</span> <span class='ocrx_word' id='word_1_413' title='bbox 707 4222 850 4276; x_wconf 90' lang='lat' dir='ltr'>conclusus</span> <span class='ocrx_word' id='word_1_414' title='bbox 862 4220 1014 4274; x_wconf 89' lang='lat' dir='ltr'>naturalem</span> <span class='ocrx_word' id='word_1_415' title='bbox 1028 4225 1057 4272; x_wconf 91' lang='lat' dir='ltr'>et</span> <span class='ocrx_word' id='word_1_416' title='bbox 1068 4219 1207 4288; x_wconf 89' lang='lat' dir='ltr'>propriam</span> <span class='ocrx_word' id='word_1_417' title='bbox 1221 4235 1313 4273; x_wconf 90' lang='lat' dir='ltr'>rerum</span> 
     </span>
     <span class='ocr_line' id='line_1_42' title="bbox 155 4303 1314 4371; baseline -0.002 -13"><span class='ocrx_word' id='word_1_418' title='bbox 155 4307 369 4359; x_wconf 83' lang='lat' dir='ltr'>collocationem</span> <span class='ocrx_word' id='word_1_419' title='bbox 385 4305 539 4360; x_wconf 87' lang='lat' dir='ltr'>confundit.</span> <span class='ocrx_word' id='word_1_420' title='bbox 577 4307 657 4360; x_wconf 85' lang='lat' dir='ltr'>Haec</span> <span class='ocrx_word' id='word_1_421' title='bbox 675 4321 741 4359; x_wconf 82' lang='lat' dir='ltr'>vero</span> <span class='ocrx_word' id='word_1_422' title='bbox 759 4305 914 4359; x_wconf 83' lang='lat' dir='ltr'>differentia</span> <span class='ocrx_word' id='word_1_423' title='bbox 931 4303 1022 4356; x_wconf 90' lang='lat' dir='ltr'>tenuis</span> <span class='ocrx_word' id='word_1_424' title='bbox 1040 4304 1081 4356; x_wconf 84' lang='lat' dir='ltr'>vel</span> <span class='ocrx_word' id='word_1_425' title='bbox 1100 4303 1266 4371; x_wconf 87' lang='lat' dir='ltr'>pneumatici</span> <span class='ocrx_word' id='word_1_426' title='bbox 1284 4309 1314 4356; x_wconf 90' lang='lat' dir='ltr'>et</span> 
     </span>
     <span class='ocr_line' id='line_1_43' title="bbox 158 4387 1316 4460; baseline -0.003 -17"><span class='ocrx_word' id='word_1_427' title='bbox 158 4391 241 4444; x_wconf 88' lang='lat' dir='ltr'>crassi</span> <span class='ocrx_word' id='word_1_428' title='bbox 266 4390 309 4443; x_wconf 85' lang='lat' dir='ltr'>vel</span> <span class='ocrx_word' id='word_1_429' title='bbox 333 4391 470 4457; x_wconf 87' lang='lat' dir='ltr'>tangibilis</span> <span class='ocrx_word' id='word_1_430' title='bbox 495 4391 609 4444; x_wconf 90' lang='lat' dir='ltr'>omnino</span> <span class='ocrx_word' id='word_1_431' title='bbox 633 4390 816 4460; x_wconf 87' lang='lat' dir='ltr'>primordialis</span> <span class='ocrx_word' id='word_1_432' title='bbox 835 4395 887 4455; x_wconf 90' lang='lat' dir='ltr'>est,</span> <span class='ocrx_word' id='word_1_433' title='bbox 907 4395 936 4442; x_wconf 91' lang='lat' dir='ltr'>et</span> <span class='ocrx_word' id='word_1_434' title='bbox 958 4403 989 4440; x_wconf 87' lang='lat' dir='ltr'>ea</span> <span class='ocrx_word' id='word_1_435' title='bbox 1011 4403 1066 4455; x_wconf 89' lang='lat' dir='ltr'>qua</span> <span class='ocrx_word' id='word_1_436' title='bbox 1087 4387 1204 4440; x_wconf 85' lang='lat' dir='ltr'>maxime</span> <span class='ocrx_word' id='word_1_437' title='bbox 1227 4387 1316 4440; x_wconf 88' lang='lat' dir='ltr'>utitur</span> 
     </span>
     <span class='ocr_line' id='line_1_44' title="bbox 158 4471 1313 4543; baseline -0.003 -16"><span class='ocrx_word' id='word_1_438' title='bbox 158 4487 269 4540; x_wconf 80' lang='lat' dir='ltr'>systema</span> <span class='ocrx_word' id='word_1_439' title='bbox 287 4475 411 4529; x_wconf 77' lang='lat' dir='ltr'>univmi.</span> <span class='ocrx_word' id='word_1_440' title='bbox 448 4477 561 4543; x_wconf 87' lang='lat' dir='ltr'>Sumpta</span> <span class='ocrx_word' id='word_1_441' title='bbox 582 4481 675 4528; x_wconf 86' lang='lat' dir='ltr'>autern</span> <span class='ocrx_word' id='word_1_442' title='bbox 695 4481 738 4528; x_wconf 86' lang='lat' dir='ltr'>est</span> <span class='ocrx_word' id='word_1_443' title='bbox 756 4490 791 4527; x_wconf 89' lang='lat' dir='ltr'>ex</span> <span class='ocrx_word' id='word_1_444' title='bbox 810 4489 904 4527; x_wconf 86' lang='lat' dir='ltr'>rerum</span> <span class='ocrx_word' id='word_1_445' title='bbox 921 4471 1081 4525; x_wconf 85' lang='lat' dir='ltr'>conditione</span> <span class='ocrx_word' id='word_1_446' title='bbox 1104 4471 1226 4524; x_wconf 90' lang='lat' dir='ltr'>omnium</span> <span class='ocrx_word' id='word_1_447' title='bbox 1248 4471 1313 4524; x_wconf 88' lang='lat' dir='ltr'>sim·</span> 
     </span>
     <span class='ocr_line' id='line_1_45' title="bbox 156 4555 1226 4628; baseline -0.006 -14"><span class='ocrx_word' id='word_1_448' title='bbox 156 4559 311 4627; x_wconf 86' lang='lat' dir='ltr'>plicissima,</span> <span class='ocrx_word' id='word_1_449' title='bbox 324 4558 378 4611; x_wconf 88' lang='lat' dir='ltr'>hoc</span> <span class='ocrx_word' id='word_1_450' title='bbox 389 4565 431 4612; x_wconf 85' lang='lat' dir='ltr'>est</span> <span class='ocrx_word' id='word_1_451' title='bbox 444 4559 524 4626; x_wconf 90' lang='lat' dir='ltr'>copia</span> <span class='ocrx_word' id='word_1_452' title='bbox 535 4565 564 4612; x_wconf 84' lang='lat' dir='ltr'>et</span> <span class='ocrx_word' id='word_1_453' title='bbox 576 4561 716 4628; x_wconf 88' lang='lat' dir='ltr'>paucitate</span> <span class='ocrx_word' id='word_1_454' title='bbox 729 4557 861 4612; x_wconf 87' lang='lat' dir='ltr'>materiae</span> <span class='ocrx_word' id='word_1_455' title='bbox 873 4573 924 4627; x_wconf 86' lang='lat' dir='ltr'>pro</span> <span class='ocrx_word' id='word_1_456' title='bbox 937 4556 1149 4626; x_wconf 87' lang='lat' dir='ltr'>exporrectione</span> <span class='ocrx_word' id='word_1_457' title='bbox 1160 4555 1226 4609; x_wconf 66' lang='lat' dir='ltr'>sua!</span> 
     </span>
    </p>
   </div>
   <div class='ocr_carea' id='block_1_5' title="bbox 0 0 1658 5102">
    <p class='ocr_par' dir='ltr' id='par_1_9' title="bbox 0 0 1658 5102">
     <span class='ocr_line' id='line_1_46' title="bbox 0 0 1658 5102; baseline 0 0"><span class='ocrx_word' id='word_1_458' title='bbox 0 0 1658 5102; x_wconf 95' lang='lat' dir='ltr'> </span> 
     </span>
    </p>
   </div>
  </div>
 </body>
</html>
