3346 5104
320 447 383 512 260
695 453 853 509 NOVUM
873 451 1092 509 ORGANUM.

320 615 600 700 speculationibus
617 636 657 680 ac
677 614 891 700 dogmatibus
905 635 982 679 vere
997 623 1172 697 acceptum
1191 612 1300 678 referri
1319 611 1425 696 possit
1433 607 1471 674 ⁰¹.

321 721 429 802 quue
454 719 607 786 Celsus⁹³
629 721 771 802 ingenue
792 740 831 784 ac
855 721 1035 801 prudenter
1057 718 1201 797 fatetur3
1226 719 1389 796 nimirum,
1413 738 1472 780 ex·

319 824 503 905 perimenta
519 823 702 888 medicinae
724 823 831 906 primo
855 823 988 886 inventa
1003 822 1110 900 fuisse,
1128 842 1167 885 ac
1185 831 1302 904 postea
1322 821 1473 884 homines

319 928 457 992 circaea
474 927 725 1011 philosophatos
746 947 819 990 esse
839 935 873 990 et
889 946 1005 990 causas
1022 925 1198 1008 indagasse
1214 935 1248 988 et
1266 925 1471 1007 assignasse3

216 1039 220 1044 '
319 1051 385 1095 non
408 1032 523 1095 ordine
545 1031 673 1094 inverso
703 1031 857 1108 evenisse,
880 1039 917 1094 ut
941 1051 985 1094 ex
1008 1027 1216 1112 philosophia
1240 1038 1274 1092 et
1301 1047 1471 1092 causarum

320 1136 507 1219 cognitione
531 1136 602 1217 ipsa
628 1135 857 1216 experimenta
883 1133 1017 1196 inventa
1048 1142 1105 1196 aut
1130 1133 1328 1215 deprompta
1353 1141 1471 1195 essent.

320 1239 438 1322 Itaque
457 1240 575 1302 mirum
592 1258 657 1302 non
674 1245 753 1317 erat,
769 1238 858 1320 apud
874 1236 1065 1319 Aegyptios
1082 1233 1151 1322 (qui
1173 1257 1280 1299 rerum
1296 1236 1473 1300 inventori-

318 1345 380 1406 bus
398 1342 604 1407 divinitatem
628 1349 661 1405 et
685 1341 965 1406 consecrationem
983 1338 1220 1424 attribuerunt)
1239 1341 1349 1423 plures
1372 1341 1471 1404 luisse

318 1447 488 1511 brutorum
511 1445 702 1509 animalium
726 1445 888 1527 imagines
913 1464 1013 1527 quam
1041 1443 1237 1509 hominum:
1271 1445 1349 1526 quia
1375 1445 1472 1508 bruta

319 1548 483 1629 animalia,
505 1570 564 1633 per
582 1549 756 1613 instinctus
777 1548 952 1627 naturales
971 1547 1077 1612 multa
1096 1549 1230 1612 inventa
1250 1559 1471 1631 pepererunt;

320 1653 376 1718 ubi
403 1653 562 1732 homines,
587 1675 631 1718 ex
658 1653 864 1717 sermonibus
894 1661 928 1716 et
958 1651 1222 1715 conclusionibus
1249 1653 1471 1730 rationalibus

320 1777 426 1841 pauca
440 1766 498 1822 aut
513 1756 603 1820 nulla
619 1757 839 1821 exhibuerint.

363 1861 413 1926 At
435 1861 672 1944 Chymicorum
695 1861 856 1925 industria
878 1857 1036 1923 nonnulla
1059 1858 1207 1943 peperit3
1231 1861 1289 1923 sed
1311 1869 1471 1942 tanquam

321 1965 457 2030 fortuito
481 1974 515 2028 et
541 1964 656 2041 obiter,
679 1974 738 2028 aut
764 1985 823 2047 per
847 1964 1150 2046 experimentorum
1177 1965 1344 2046 quandam
1367 1963 1473 2028 varia·

319 2071 444 2134 tionem
461 2065 512 2153 (ut
528 2067 707 2132 mechanici
731 2065 860 2154 solent),
877 2087 942 2131 non
959 2089 1004 2130 ex
1026 2075 1097 2130 arte
1116 2077 1174 2131 aut
1189 2066 1316 2132 theoria
1338 2067 1471 2149 aliqua3

321 2193 398 2235 nam
425 2193 473 2250 ea,
499 2192 599 2255 quam
630 2171 871 2250 confinxerunt,
898 2171 1128 2253 experimenta
1158 2172 1264 2254 magis
1293 2171 1471 2255 perturbat,

321 2296 420 2358 quam
449 2275 554 2357 juvat.
599 2275 724 2338 Eorum
756 2276 867 2351 etiam,
896 2275 951 2357 qui
982 2276 1016 2338 in
1048 2275 1157 2358 magia
1191 2272 1305 2360 (quam
1335 2272 1471 2361 vocant)

322 2379 462 2445 naturali
468 2377 495 2416 ⁹⁴
507 2379 627 2443 versati
645 2388 733 2455 sunt,
745 2401 850 2463 pauca
865 2379 1071 2462 reperiuntur
1085 2380 1218 2443 inventa
1231 2405 1239 2457 ;
1262 2399 1366 2462 eaque
1377 2378 1470 2454 levia,

320 2493 354 2548 et
372 2485 573 2566 imposturae
584 2483 746 2564 propiora.
792 2482 963 2565 Quocirca,
976 2484 1259 2566 quemadmodum
1269 2484 1302 2546 in
1314 2482 1472 2564 religione

321 2598 463 2666 cavetur,
488 2596 524 2651 ut
550 2586 633 2650 fides
664 2607 707 2651 ex
741 2588 894 2670 operibus
928 2595 1147 2666 monstretur;
1179 2588 1266 2652 idem
1298 2589 1398 2652 etiam
1428 2589 1471 2651 ad

322 2691 564 2774 philosophiam
588 2690 714 2773 optime
735 2692 927 2770 traducitur,
945 2701 982 2754 ut
1005 2711 1049 2754 ex
1072 2690 1229 2755 fructibus
1248 2691 1415 2774 judicetur
1437 2701 1472 2754 et

320 2815 405 2858 vana
426 2793 588 2859 habeatur
601 2815 688 2878 quae
710 2795 828 2858 sterilis
849 2795 913 2859 sit:
935 2805 1037 2876 atque
1060 2815 1099 2858 eo
1118 2796 1224 2878 magis
1245 2794 1282 2871 si,
1298 2793 1371 2859 loco
1386 2794 1471 2859 sruc-

322 2908 418 2962 tuum
433 2921 516 2964 uvae
532 2908 565 2963 et
580 2899 696 2976 olivae,
712 2901 874 2983 producat
894 2900 1156 2982 disputationum
1173 2909 1206 2964 et
1221 2901 1470 2964 contentionum

321 3003 460 3065 carduos
477 3013 510 3066 et
525 3003 645 3084 spinas

357 3145 378 3176 ⁹²
397 3146 477 3198 With
495 3147 593 3213 regard
610 3153 641 3200 to
659 3147 828 3201 mechanical
847 3149 1008 3216 inuentions,
1027 3149 1082 3202 this
1099 3150 1199 3217 charge
1218 3151 1247 3217 is,
1270 3153 1297 3205 in
1319 3152 1367 3204 the
1389 3151 1470 3215 main,

320 3235 392 3284 true.
430 3229 531 3296 These,
544 3245 575 3283 so
593 3230 635 3283 far
653 3247 682 3284 as
699 3231 765 3300 they
783 3231 889 3284 existed
908 3231 935 3283 in
954 3232 1002 3285 the
1021 3234 1132 3286 ancient
1149 3234 1243 3300 world,
1260 3250 1336 3288 seem
1353 3240 1384 3288 to
1403 3233 1472 3287 have

320 3311 391 3366 been
411 3311 465 3366 due
483 3319 513 3367 to
531 3313 579 3366 the
599 3313 748 3381 Egyptians
766 3314 820 3367 and
840 3314 887 3367 the
907 3316 1031 3368 Oriental
1051 3317 1157 3369 nations
1175 3318 1269 3370 rather
1286 3317 1353 3371 than
1372 3323 1403 3370 to
1424 3317 1472 3370 the

321 3396 438 3463 Greeks,
450 3396 542 3451 whose
554 3397 677 3451 intellect
689 3415 744 3451 was
757 3398 922 3466 speculative
934 3398 988 3452 and
1000 3399 1133 3452 aesthetic
1146 3400 1239 3453 rather
1250 3401 1317 3454 than
1333 3399 1472 3469 practical.

358 3478 384 3532 lt
401 3479 499 3534 should
519 3481 554 3534 be
576 3481 688 3535 noticed
705 3481 765 3535 that
784 3481 878 3536 Bacon
896 3482 1005 3550 ignores
1023 3482 1071 3537 the
1089 3482 1177 3537 whole
1203 3484 1336 3538 aesthetic
1360 3483 1418 3537 side
1443 3483 1475 3538 of

320 3563 413 3617 Greek
427 3562 629 3633 development.

356 3645 377 3680 ⁹⁸
397 3647 542 3717 ‘Repertis
560 3647 660 3701 deinde
681 3648 832 3702 medicinae
854 3648 980 3702 remediis
999 3649 1123 3703 homines
1144 3649 1179 3704 de
1200 3651 1352 3706 rationibus
1376 3666 1473 3705 eorum

320 3731 452 3785 disserere
465 3733 604 3802 coepisse:
623 3747 675 3785 nec
693 3740 755 3800 post
775 3733 909 3786 rationem
928 3733 1092 3786 medicinam
1109 3749 1167 3787 esse
1183 3735 1330 3800 inventam,
1348 3736 1395 3788 sed
1411 3739 1473 3802 post

319 3815 459 3868 inventam
481 3815 644 3869 medicinam
667 3817 804 3868 rationem
825 3832 885 3870 esse
906 3815 1075 3885 quaesitam!
1114 3816 1209 3870 Celsus
1227 3819 1263 3872 de
1286 3819 1328 3872 Re
1351 3817 1472 3872 Medica.

318 3896 466 3951 Praefatio.

356 3980 428 4034 ‘But
440 3982 493 4036 this
506 3982 632 4049 remarh,’
645 3999 705 4051 says
716 3982 771 4036 Mr.
781 3983 853 4049 Ellis,
867 3983 905 4036 ‘is
917 3989 967 4035 not
979 3983 1060 4037 made
1069 3983 1105 4052 by
1117 3984 1211 4038 Celsus
1220 4001 1249 4038 as
1258 3985 1306 4038 the
1315 3986 1472 4054 expression

319 4065 352 4118 of
367 4065 409 4118 his
428 4082 489 4118 own
509 4067 638 4133 opinion3
663 4082 699 4120 on
719 4066 768 4119 the
790 4074 920 4136 contrary
938 4067 960 4120 it
977 4083 1076 4120 occurs
1095 4068 1122 4120 in
1142 4067 1184 4120 his
1203 4074 1353 4122 statement
1374 4069 1407 4122 of
1423 4071 1472 4122 the

318 4149 401 4202 riews
422 4149 595 4202 entertained
617 4149 654 4219 by
674 4150 722 4203 the
741 4151 882 4218 empirical
902 4150 996 4203 school
1017 4149 1050 4204 of
1066 4151 1210 4218 medicine,
1231 4159 1262 4205 to
1283 4153 1373 4206 which
1394 4153 1429 4206 he
1449 4155 1472 4207 is

319 4231 462 4300 decidedly
475 4232 605 4301 opposed.
643 4233 706 4287 The
724 4249 804 4286 error
822 4233 855 4286 of
870 4234 956 4300 citing
975 4234 1071 4288 Celsus
1088 4251 1118 4288 as
1134 4252 1169 4289 an
1187 4235 1329 4305 authority
1346 4235 1391 4290 for
1409 4237 1430 4289 it
1449 4237 1472 4290 is

319 4314 450 4382 repeated
473 4315 499 4366 in
522 4315 626 4370 several
646 4321 721 4384 parts
745 4315 777 4370 of
799 4316 916 4370 Bacon's
940 4317 1049 4371 worhs.¹
1088 4318 1143 4372 Mr.
1167 4320 1305 4387 Spedding
1329 4319 1416 4374 refers
1440 4329 1471 4374 to

320 4398 364 4451 De
386 4399 557 4465 hugmentis,
578 4415 604 4453 v.
630 4418 653 4454 2.
690 4398 779 4453 Other
801 4400 892 4467 places
914 4416 960 4454 are
981 4402 1104 4454 Valerius
1126 4401 1275 4457 Terminus
1295 4403 1340 4475 (E.
1362 4405 1416 4459 and
1435 4407 1472 4474 8.,

318 4480 370 4534 vol.
383 4481 420 4534 iii.
433 4496 459 4549 p.
474 4481 536 4550 ηπ)
550 4483 603 4536 and
616 4483 664 4536 the
678 4483 848 4551 Redargutio
861 4483 1099 4555 Philosophiarum
1113 4485 1177 4558 (vol.
1190 4487 1227 4542 iii.
1239 4504 1265 4559 p.
1280 4487 1355 4557 578).

354 4559 377 4593 ⁸⁴
396 4564 447 4632 Cp.
461 4571 527 4618 note
540 4568 556 4616 6
569 4581 606 4618 on
618 4566 689 4636 Aph.
704 4583 728 4633 5.
