3306 5102
648 477 729 534 rra
751 477 794 534 rr.
821 488 869 536 20.
1269 488 1333 554 403

312 636 508 702 Ostenditur
530 639 629 702 etiam
653 640 686 703 in
708 640 780 719 hoc,
796 640 886 723 quod
910 661 986 706 cum
1010 641 1202 705 extenditur
1222 648 1278 704 ae'r
1300 641 1333 702 in

267 741 352 804 vitro
375 743 538 807 calendari
561 744 687 826 absque
709 745 948 827 impedimento
971 755 1029 808 aut
1053 745 1246 827 repulsione,
1262 745 1334 807 uni·

269 844 417 909 formiter
452 847 575 911 scilicet
611 857 644 912 et
680 849 872 930 aequaliter,
903 870 970 912 non
1005 849 1203 931 percipiatur
1236 846 1332 911 calor.

269 945 383 1011 Etiam
413 951 445 1012 in
472 952 579 1014 ventis
609 952 778 1030 conclusis,
809 952 886 1015 licet
914 963 1088 1034 erumpant
1114 953 1146 1015 vi
1177 952 1334 1028 maxima,

269 1059 383 1115 tamen
404 1074 470 1117 non
491 1055 668 1136 percipitur
690 1055 779 1119 calor
801 1056 957 1137 insignis3
980 1057 1057 1137 quia
1078 1056 1202 1120 scilicet
1224 1065 1335 1119 motus

271 1154 308 1216 fit
335 1159 516 1220 secundum
546 1167 664 1236 totum,
690 1160 816 1242 absque
844 1169 937 1226 motu
963 1159 1146 1223 alternante
1173 1160 1206 1222 in
1233 1158 1335 1248 parti-

272 1259 363 1322 culis.
408 1260 524 1342 Atque
547 1261 672 1326 adhoc
693 1263 751 1325 fiat
773 1265 1049 1346 experimentum,
1070 1273 1179 1326 utrum
1200 1263 1335 1326 flamma

272 1382 337 1424 non
355 1373 426 1427 urat
442 1366 547 1428 acrius
562 1387 675 1429 versus
691 1366 794 1430 latera
809 1387 910 1449 quam
927 1365 960 1428 in
977 1367 1087 1429 medio
1103 1366 1267 1429 fiammae.

316 1467 511 1532 Ostenditur
531 1471 631 1533 etiam
652 1472 685 1532 in
703 1470 775 1548 hoc,
791 1471 880 1552 quod
901 1471 1008 1533 omnis
1029 1471 1115 1533 ustio
1136 1470 1336 1551 transigatur

265 1589 330 1650 per
355 1571 499 1636 minutos
523 1593 621 1654 poros
644 1575 787 1654 corporis
814 1574 903 1655 quod
927 1575 1048 1650 uritur;
1079 1573 1164 1636 adeo
1190 1582 1226 1635 ut
1250 1571 1336 1635 ustio

271 1674 407 1739 subruat
430 1685 463 1738 et
486 1684 637 1757 penetret
660 1685 694 1739 et
716 1676 839 1739 lodicet
861 1686 895 1739 et
913 1676 1069 1754 stimulet,
1087 1675 1225 1758 perinde
1247 1694 1285 1737 ac
1308 1674 1334 1736 si

273 1787 382 1842 essent
399 1780 545 1843 infinitae
561 1781 713 1862 cuspides
733 1802 820 1844 acus.
867 1780 986 1861 Itaque
1001 1801 1044 1843 ex
1060 1779 1123 1843 hoc
1139 1778 1218 1842 illud
1235 1779 1335 1841 etiam

273 1880 320 1959 fit,
343 1885 430 1964 quod
455 1904 570 1946 omnes
592 1904 698 1965 aquae
719 1884 820 1947 sortes
843 1881 884 1968 (si
907 1884 1175 1966 proportionatae
1201 1884 1267 1946 sint
1293 1880 1336 1944 ad

274 2006 392 2067 corpus
415 1988 448 2050 in
470 1989 559 2070 quod
583 1986 699 2073 agunt)
715 1989 816 2052 edant
838 2009 939 2070 opera
959 1988 1053 2070 ignis,
1073 2007 1117 2050 ex
1139 1993 1256 2049 natura
1277 2005 1337 2048 sua

276 2091 467 2155 corrodente
489 2103 522 2155 et
545 2104 721 2175 pungente.

316 2193 432 2276 Atque
447 2197 509 2259 ista
523 2195 707 2277 differentia
725 2193 782 2280 (de
798 2217 863 2278 qua
884 2217 970 2260 nunc
985 2193 1138 2280 dicimus)
1153 2195 1338 2259 communis

274 2305 323 2359 est
345 2317 419 2360 cum
441 2307 556 2362 natura
577 2299 705 2381 nigidi;
733 2300 767 2361 in
787 2320 853 2380 quo
875 2299 1046 2362 cohibetur
1064 2308 1174 2362 motus
1190 2306 1337 2361 contrac-

273 2401 360 2462 tivus
390 2421 448 2483 per
480 2402 691 2464 renitentiam
722 2401 956 2484 expandendi3
990 2401 1273 2483 quemadmodum
1304 2399 1337 2460 in

274 2503 380 2567 calido
403 2503 573 2568 cohibetur
595 2514 705 2568 motus
728 2505 928 2587 expansivus
951 2525 1010 2586 per
1032 2503 1241 2568 renitentiam
1260 2520 1357 2565 con·-

272 2605 434 2670 trahendi.

319 2710 436 2793 Itaque
462 2710 530 2774 sive
556 2720 666 2792 partes
696 2713 839 2794 corporis
867 2721 1041 2796 penetrent
1066 2733 1177 2776 versus
1204 2709 1338 2774 interius

275 2815 342 2878 sive
372 2821 545 2896 penetrent
574 2835 685 2878 versus
716 2816 870 2894 exterius,
900 2817 1014 2878 similis
1044 2824 1094 2878 est
1124 2813 1226 2890 rati03
1261 2812 1337 2874 licet

277 2919 383 3000 impar
409 2918 590 2981 admodum
616 2919 658 2981 sit
685 2919 863 2997 sortitud03
895 2920 972 3002 quia
1002 2939 1067 2981 non
1097 2918 1258 2980 habemus
1284 2915 1337 2978 hic

276 3023 365 3103 apud
393 3042 453 3084 nos
477 3023 510 3083 in
534 3021 705 3103 superficie
730 3034 836 3088 terrae
858 3023 981 3107 aliquid
1005 3021 1093 3106 quod
1120 3021 1164 3085 sit
1190 3021 1339 3102 impense

277 3124 440 3207 frigidum.
485 3125 572 3188 Vide
589 3125 727 3191 Instant.
746 3141 796 3207 27.
809 3128 892 3192 Tab.
909 3148 938 3210 9.

321 3288 450 3366 erarta
463 3287 647 3369 diffi‘rentia
663 3300 713 3354 est
728 3291 930 3356 modificatio
945 3291 1079 3374 prioris:
1109 3290 1192 3355 haec
1207 3290 1338 3367 scilicet,

275 3393 365 3474 quod
394 3401 503 3455 motus
533 3391 587 3455 ille
614 3394 848 3458 stimulationis
874 3404 931 3459 aut
958 3395 1192 3477 penetrationis
1218 3393 1340 3457 debeat

277 3517 347 3558 esse
364 3494 509 3558 nonnihil
526 3497 659 3577 rapidus
678 3505 711 3560 et
734 3499 868 3561 minime
889 3497 1017 3577 lentus;
1041 3507 1141 3579 atque
1162 3496 1219 3559 fiat
1239 3495 1339 3559 etiam

276 3619 335 3681 per
361 3600 545 3681 particulas,
568 3601 645 3664 licet
668 3602 833 3679 minutas;
859 3610 973 3664 tamen
997 3621 1062 3664 non
1086 3601 1128 3664 ad
1152 3608 1339 3662 extremam

277 3703 505 3782 subtilitatem,
529 3704 586 3766 sed
611 3705 703 3785 quasi
729 3704 925 3785 majusculas
935 3703 971 3766 ¹⁹.

320 3805 515 3868 Ostenditur
541 3805 622 3869 haec
651 3803 836 3884 differentia
866 3806 899 3868 in
926 3805 1172 3887 comparatione
1202 3822 1339 3883 operum

276 3929 361 3991 quae
391 3911 458 3972 edit
489 3909 573 3991 ignis
604 3929 678 3972 cum
708 3909 747 3971 iis
777 3930 862 3990 quae
893 3909 962 3972 edit
988 3919 1120 3990 tempus
1145 3908 1213 3969 sive
1238 3915 1339 3969 aetas.

275 4013 383 4076 Aetas
409 4014 496 4076 enim
523 4014 591 4075 sive
617 4021 749 4092 tempus
776 4011 918 4089 arefacit,
946 4011 1118 4090 consumit,
1145 4009 1280 4085 subruit,
1306 4017 1340 4071 et

275 4115 442 4192 incinerat,
477 4135 542 4178 non
581 4114 689 4176 minus
726 4134 828 4194 quam
862 4114 966 4195 ignis;
1003 4113 1057 4177 vel
1094 4113 1204 4196 potius
1240 4112 1341 4193 longe

225 4335 247 4368 ¹⁹
265 4337 335 4390 This
356 4337 407 4390 last
428 4336 612 4406 qualification
634 4336 663 4400 is,
686 4333 718 4388 ol
736 4351 841 4402 course,
861 4351 1019 4402 erroneous,
1040 4335 1093 4388 aud
1113 4349 1201 4388 seems
1220 4339 1251 4385 to
1272 4331 1340 4384 have

187 4419 258 4473 been
278 4421 422 4487 suggested
441 4420 477 4489 by
489 4421 537 4473 the
555 4419 666 4473 fancilul
683 4424 815 4482 contrast,
835 4419 928 4472 drawn
944 4419 1041 4485 below,
1058 4419 1184 4470 between
1201 4417 1269 4468 time
1286 4414 1341 4466 and

188 4501 246 4556 fire.
284 4503 361 4557 Heat
380 4504 401 4556 is
413 4519 429 4556 a
441 4503 547 4557 motion
560 4501 592 4556 os
602 4502 650 4556 the
663 4503 780 4556 ultimate
797 4503 924 4570 particles
936 4501 968 4555 of
980 4508 1089 4570 matter,
1108 4501 1245 4554 whatever
1261 4499 1341 4552 those

189 4599 251 4654 may
264 4584 309 4640 be.

714 4672 813 4736 oda
