3324 5110
292 425 356 512 348
669 433 761 489 NOV
761 433 826 489 HM
847 431 1066 488 ORGANUM.

292 607 370 662 sunt
386 597 511 662 minora
527 618 627 681 quam
646 607 683 662 ut
699 619 831 662 sensum
847 597 974 678 feriant,
991 616 1089 660 nemo
1107 616 1142 660 se
1161 603 1313 660 naturam
1332 615 1444 679 regere

293 711 350 765 aut
365 711 491 766 vertere
506 722 603 784 posse
619 712 738 785 speret,
754 703 814 765 nisi
830 702 886 766 illa
905 701 1019 766 debito
1040 701 1140 763 modo
1161 700 1447 782 comprehenderit

295 815 328 869 et
344 806 514 870 notaverit.

278 899 294 940 f
825 910 906 974 VII.

339 1037 505 1117 Similiter,
521 1037 687 1121 inquisitio
704 1047 737 1102 et
756 1038 902 1103 inventio
917 1037 1048 1102 latentis
1061 1034 1313 1101 schematismiil
1328 1036 1361 1099 in
1377 1053 1447 1101 cor·

295 1142 430 1225 poribus
453 1164 504 1206 res
527 1163 613 1207 nova
636 1152 695 1219 est,
715 1163 780 1206 non
803 1143 911 1206 minus
932 1163 1034 1225 quarn
1057 1142 1201 1206 inventio
1224 1141 1355 1204 latentis
1369 1150 1447 1222 pro·

294 1267 398 1310 cessus
427 1255 460 1310 et
490 1246 616 1311 formae
626 1245 663 1307 ⁴⁰.
706 1246 886 1311 Versamur
913 1247 1001 1310 enim
1031 1246 1130 1329 plane
1159 1244 1267 1310 adhuc
1297 1246 1330 1308 in
1357 1243 1447 1307 atriis

296 1361 441 1429 naturae,
456 1371 563 1434 neque
578 1352 620 1415 ad
638 1351 792 1415 interiora
806 1371 960 1433 paramus
976 1349 1113 1414 aditum.
1150 1349 1201 1413 At
1216 1370 1314 1413 nemo
1330 1367 1447 1429 corpus

295 1455 411 1519 datum
435 1476 520 1519 nova
543 1465 660 1519 natura
683 1455 798 1519 dotare
815 1456 867 1518 vel
891 1455 924 1518 in
948 1475 1070 1518 novum
1094 1473 1211 1535 corpus
1233 1453 1392 1517 foeliciter
1414 1460 1448 1514 et

295 1560 446 1642 apposite
461 1569 682 1623 transmutare
698 1569 818 1642 potest,
837 1559 898 1622 nisi
920 1559 1063 1642 corporis
1083 1557 1243 1622 alterandi
1265 1566 1323 1620 aut
1342 1565 1448 1620 trans·

295 1662 459 1727 formandi
486 1664 608 1726 bonam
637 1663 788 1728 habuerit
814 1663 976 1727 notitiam.
1022 1663 1061 1725 In
1089 1663 1207 1724 modos
1234 1661 1322 1724 enim
1346 1680 1449 1723 vanos

244 1761 251 1784 ¹
296 1768 446 1845 incurret,
472 1777 530 1831 aut
557 1767 674 1830 saltem
700 1768 849 1832 difficiles
876 1776 909 1830 et
938 1786 1116 1850 perversos
1140 1786 1199 1830 nec
1221 1785 1283 1848 pro
1305 1763 1450 1846 corporis

297 1881 413 1935 natura
433 1872 466 1934 in
488 1873 577 1954 quod
599 1881 761 1954 operatur.
808 1872 926 1954 Itaque
944 1871 987 1935 ad
1008 1870 1071 1934 hoc
1093 1870 1194 1934 etiarn
1209 1871 1262 1933 via
1281 1869 1379 1950 plane
1399 1877 1449 1932 est

297 1976 474 2057 aperienda
490 1985 524 2039 et
540 1977 725 2040 munienda.

342 2078 458 2162 Atque
490 2080 523 2142 in
553 2080 721 2143 anatomia
751 2099 924 2162 corporum
956 2079 1184 2161 organicorum
1215 2075 1340 2162 (qualia
1372 2084 1450 2140 sunt

298 2181 441 2245 hominis
463 2191 496 2246 et
516 2181 723 2268 animalium)
738 2203 840 2265 opera
861 2203 941 2246 sane
960 2193 1048 2247 recte
1071 2191 1104 2246 et
1123 2183 1245 2246 utiliter
1267 2180 1449 2258 insumitur,

299 2295 332 2349 et
350 2287 479 2350 videtur
499 2307 550 2350 res
571 2287 700 2350 subtilis
722 2297 755 2351 et
777 2287 970 2351 scrutinium
986 2295 1123 2350 naturae
1142 2285 1276 2350 bonum.
1321 2284 1371 2348 At
1386 2283 1450 2348 hoc

296 2409 401 2473 genus
417 2390 604 2454 anatomiae
619 2390 801 2472 spectabile
817 2399 876 2469 est,
892 2400 926 2455 et
942 2391 1051 2454 sensui
1066 2388 1260 2471 subjectum,
1277 2397 1311 2452 et
1329 2387 1362 2449 in
1379 2406 1450 2451 cor·

297 2495 432 2577 poribus
459 2503 588 2558 tantum
615 2494 775 2577 organicis
801 2493 911 2558 locum
938 2493 1049 2558 habet.
1101 2492 1225 2556 Verum
1252 2491 1315 2555 hoc
1342 2491 1450 2575 ipsum

299 2599 433 2662 obvium
449 2599 608 2681 quiddam
625 2607 684 2677 est,
702 2607 735 2662 et
751 2598 784 2660 in
800 2605 955 2680 promptu
976 2597 1083 2676 situm,
1099 2616 1178 2679 prae
1193 2595 1360 2659 anatomia
1375 2614 1452 2658 vera

296 2701 517 2767 sclzematt'smi
532 2703 662 2767 latentis
677 2703 710 2765 in
725 2701 917 2783 corporibus
937 2721 1023 2784 quae
1038 2701 1202 2764 habentur
1222 2719 1281 2786 pro
1302 2698 1452 2762 similari·

334 2950 357 2984 ⁸⁹
377 2953 418 3024 By
429 2955 477 3008 the
497 2955 599 3009 ‘latent
611 2953 802 3008 schematism'
822 2952 916 3006 Bacon
934 2967 1023 3005 seems
1041 2957 1072 3005 to
1090 2967 1170 3004 mean
1187 2951 1235 3005 the
1254 2951 1452 3018 configuratiou

300 3037 354 3091 and
376 3039 487 3092 relative
508 3039 626 3107 position
648 3037 681 3091 of
698 3037 746 3090 the
767 3037 891 3090 ultimate
912 3035 1040 3104 particles
1063 3035 1096 3088 of
1113 3035 1216 3090 bodies.
1253 3037 1291 3088 As
1309 3034 1453 3088 Professor

301 3120 420 3189 Playfair
432 3139 500 3191 says,
514 3125 521 3153 ‘
533 3122 624 3175 When
638 3137 680 3174 we
695 3120 809 3188 enquire
827 3120 888 3173 into
906 3119 954 3184 tlye
971 3119 1150 3172 constitution
1170 3118 1202 3171 of
1216 3119 1336 3188 crystals,
1350 3134 1382 3171 or
1395 3119 1454 3173 into

300 3203 349 3257 the
370 3205 487 3258 internal
508 3211 646 3259 structure
666 3202 699 3258 os
716 3205 814 3274 plants,
834 3203 894 3271 dte,
913 3219 955 3256 we
976 3219 1023 3256 are
1043 3201 1198 3269 examining
1218 3203 1277 3256 into
1299 3203 1346 3256 the
1365 3203 1454 3256 latent

300 3287 494 3342 schematism!

336 3369 359 3400 ¹⁰
377 3370 476 3424 Notice
495 3370 554 3425 that
574 3371 681 3425 ‘form'
700 3371 722 3424 is
740 3370 806 3424 here
826 3369 942 3439 coupled
960 3370 1026 3422 with
1045 3370 1133 3423 latent
1151 3385 1270 3438 process,
1288 3369 1342 3423 and
1357 3369 1453 3423 distin·

300 3453 414 3521 guished
432 3454 503 3508 from
522 3455 610 3509 latent
626 3455 810 3509 schematism.
849 3455 876 3507 lt
888 3459 961 3506 must
976 3454 1052 3521 here,
1065 3452 1214 3520 therefore,
1227 3453 1295 3506 have
1311 3453 1360 3506 the
1375 3469 1454 3507 sense

300 3538 333 3591 of
343 3538 394 3592 law
405 3555 439 3591 or
450 3554 530 3592 cause
542 3538 635 3592 rather
648 3539 715 3591 than
727 3538 758 3591 of
769 3553 891 3592 essence.

337 3622 419 3676 ‘The
436 3623 593 3676 distinction
614 3623 740 3676 between
759 3622 806 3674 the
824 3621 928 3674 Latent
947 3620 1062 3673 Process
1081 3619 1135 3672 and
1154 3619 1256 3672 Latent
1276 3619 1456 3673 schematism

302 3707 330 3759 in
348 3706 397 3760 the
416 3707 540 3759 absolute
561 3722 620 3775 way
641 3706 668 3758 in
688 3704 777 3757 which
798 3705 819 3758 it
842 3704 864 3757 is
885 3704 952 3757 here
973 3702 1073 3771 stated,
1092 3703 1211 3756 involves
1232 3719 1267 3756 an
1288 3706 1457 3772 assumption

300 3790 388 3843 which
399 3789 446 3843 the
458 3806 584 3858 progress
595 3789 628 3842 of
638 3789 746 3842 science
759 3788 812 3840 will
824 3786 956 3857 probably
968 3786 1043 3840 show
1053 3793 1084 3840 to
1095 3787 1132 3840 be
1144 3785 1321 3853 nnlounded3
1340 3786 1457 3856 namely,

301 3875 361 3927 that
374 3873 469 3927 bodies
482 3874 640 3941 apparently
652 3879 681 3925 at
694 3876 751 3925 rest
763 3887 809 3924 are
821 3887 853 3924 so
866 3871 1042 3938 molecularly
1043 3907 1178 3925 .......
1191 3870 1255 3923 The
1269 3870 1458 3923 introduction

302 3957 334 4010 of
347 3957 395 4010 the
412 3957 473 4010 idea
491 3956 524 4009 of
539 3956 663 4010 unstabie
681 3955 854 4024 equilibrium
874 3954 901 4006 in
920 3955 1075 4007 connexion
1089 3953 1155 4006 with
1172 3955 1283 4020 organic
1301 3953 1459 4022 chemistry,

302 4057 357 4094 was
375 4057 391 4094 a
409 4046 470 4108 step
489 4040 516 4092 in
535 4041 583 4094 the
599 4038 735 4093 direction
756 4037 846 4092 which
868 4037 1017 4091 molecular
1036 4036 1149 4106 Physics
1168 4036 1222 4091 will
1240 4037 1372 4106 probably
1390 4053 1458 4092 soon

302 4124 385 4179 tale!

338 4207 402 4260 The
415 4207 483 4260 view
495 4206 674 4274 propounded
687 4204 715 4258 in
728 4205 776 4258 the
788 4205 875 4259 above
888 4209 954 4258 note
973 4203 1010 4273 by
1022 4203 1079 4258 Mr.
1093 4203 1159 4256 Ellis
1177 4219 1206 4256 as
1225 4208 1255 4256 to
1270 4203 1318 4256 the
1331 4202 1457 4257 ultimate

301 4291 482 4344 constitution
496 4288 528 4342 of
536 4290 632 4342 bodies
646 4291 666 4342 is
679 4291 738 4344 that
751 4288 840 4342 which
852 4289 875 4342 is
887 4305 952 4342 now
963 4287 1102 4355 generally
1114 4285 1244 4354 adopted.
1280 4286 1373 4339 Bacon
1385 4285 1457 4338 him-

299 4375 361 4442 self,
380 4374 516 4439 however,
535 4389 595 4441 says
613 4373 753 4441 distinctly
768 4370 849 4440 (Aph.
864 4377 906 4439 48,
925 4371 960 4425 ad
979 4367 1054 4438 tin.):
1073 4370 1125 4422 ‘In
1144 4369 1305 4438 corporibus
1323 4369 1367 4422 hic
1385 4367 1458 4437 apud

303 4475 353 4510 nos
366 4457 438 4510 nulla
450 4472 514 4509 vera
526 4462 569 4509 est
581 4457 666 4526 quies,
680 4471 732 4512 nec
744 4457 773 4511 in
785 4456 905 4525 integris,
919 4470 971 4510 uec
983 4454 1011 4508 in
1023 4453 1162 4525 partibus;
1181 4452 1229 4507 sed
1238 4459 1347 4509 tantum
1357 4467 1455 4508 secun·

302 4541 368 4596 dum
382 4539 589 4610 apparentiam.’
