3220 5102
321 419 388 486 470
699 407 858 464 Novum
877 404 1096 462 ononwmw.

321 575 386 640 huc
415 582 568 658 spectant
594 591 642 650 ea,
667 591 754 654 quae
780 569 836 634 ille
866 569 1047 652 perspicaci
1077 568 1237 632 industria
1269 566 1490 650 conquisivit.

322 678 488 742 Nimirum
511 679 600 761 quod
624 677 735 740 clavus
757 675 890 748 ferreus,
913 674 970 756 qui
993 674 1050 736 diu
1070 673 1202 737 duravit
1223 673 1258 735 in
1280 673 1347 735 situ
1366 693 1490 735 versus

320 783 561 864 septentriones
585 789 619 844 et
641 789 798 857 austrum,
822 777 956 860 colligat
979 797 1070 841 mora
1094 777 1222 840 diutina
1245 776 1490 853 verticitatem,

320 886 446 968 absque
466 896 557 950 tactu
576 884 737 968 magnetis
745 882 787 946 ⁹⁷:
811 883 892 946 acsi
911 891 997 944 terra
1019 881 1100 964 ipsa,
1119 902 1206 965 quae
1221 881 1266 944 ob
1281 881 1489 943 distantiam

320 989 473 1053 debiliter
493 997 649 1072 operatur
662 986 821 1072 (namque
840 985 1029 1067 superficies
1052 995 1111 1050 aut
1132 986 1261 1049 extima
1283 985 1491 1046 incrustatio

320 1101 427 1156 terrae
441 1092 570 1157 virtutis
586 1091 799 1172 magneticae,
815 1098 853 1152 ut
869 1088 923 1151 ille
937 1088 1020 1164 vult,
1036 1109 1154 1170 expers
1178 1085 1250 1172 est),
1265 1107 1326 1169 per
1349 1105 1490 1150 moram

320 1203 434 1259 tamen
457 1194 591 1279 longam
615 1193 779 1276 magnetis
799 1199 927 1255 tactum
947 1190 1125 1273 suppleret,
1142 1199 1176 1254 et
1195 1191 1318 1253 serrum
1340 1191 1489 1268 exciret,

318 1301 442 1364 deinde
458 1300 605 1364 excitum
622 1297 841 1362 conformaret
856 1305 890 1359 et
904 1304 1056 1358 verteret.
1095 1295 1228 1374 Rursus,
1244 1296 1336 1377 quod
1353 1296 1489 1360 ferrum

320 1404 460 1486 ignitum
476 1413 510 1468 et
526 1404 658 1478 cadens
671 1402 698 1465 si
713 1402 746 1463 in
762 1399 968 1463 extinctione
983 1420 1041 1462 sua
1057 1401 1287 1484 exporrigatur
1297 1401 1390 1463 inter
1404 1421 1488 1483 sep-

320 1508 501 1571 tentriones
513 1517 547 1571 et
558 1517 715 1584 austrum,
725 1503 859 1587 colligat
871 1524 1004 1586 quoque
1013 1504 1231 1567 verticitatem
1243 1505 1374 1586 absque
1386 1515 1486 1569 tactu

320 1611 502 1694 magnetis:
526 1610 603 1678 acsi
620 1618 730 1693 partes
744 1607 819 1671 ferri
839 1608 872 1670 in
893 1616 986 1670 motu
1002 1608 1131 1690 positae
1145 1628 1205 1689 per
1219 1608 1431 1690 ignitionem,
1449 1620 1487 1673 et

319 1725 434 1796 postea
452 1735 488 1778 se
508 1714 710 1795 recipientes,
726 1713 760 1774 in
780 1712 853 1793 ipso
874 1710 1011 1774 articulo
1032 1711 1244 1775 extinctionis
1264 1733 1344 1776 suae
1368 1714 1486 1796 magis

319 1827 428 1880 essent
449 1817 654 1900 susceptivae
670 1826 703 1880 et
719 1817 812 1897 quasi
831 1816 1006 1878 sensitivae
1021 1815 1149 1878 virtutis
1168 1817 1333 1878 manantis
1348 1837 1371 1878 a
1389 1826 1484 1880 terra

317 1940 419 2001 quam
435 1919 524 1997 alias,
534 1929 567 1983 et
584 1919 661 1983 inde
672 1918 788 1982 fierent
803 1928 964 2001 tanquam
981 1919 1119 1983 excitae.
1156 1918 1281 1982 Verum
1292 1920 1388 1996 haec,
1398 1919 1483 1984 licet

317 2023 403 2086 bene
418 2022 600 2099 observata,
615 2029 728 2085 tamen
744 2041 808 2085 non
826 2024 981 2086 evincunt
998 2043 1130 2104 prorsus
1146 2023 1236 2104 quod
1252 2022 1307 2085 ille
1322 2025 1456 2088 asserit.

359 2127 527 2190 [nstantia
540 2129 643 2190 crucis
658 2135 770 2190 autem
782 2127 868 2190 circa
881 2126 944 2190 hoc
960 2127 1144 2208 subjectum
1160 2127 1282 2209 poterit
1296 2148 1372 2190 esse
1388 2128 1479 2192 talis.

318 2227 478 2312 Capiatur
502 2231 634 2295 terrella
659 2252 702 2293 ex
730 2239 893 2312 magnete,
912 2238 946 2293 et
970 2240 1125 2295 notentur
1146 2230 1215 2312 poli
1237 2230 1308 2311 ejus
1317 2235 1328 2310 '3
1353 2241 1391 2294 et
1414 2253 1478 2314 po

317 2345 437 2398 nantur
459 2335 527 2417 poli
549 2335 701 2398 terrellae
718 2355 830 2398 versus
852 2334 1013 2398 orientem
1037 2344 1070 2399 et
1091 2354 1254 2412 occasum,
1270 2355 1336 2397 non
1357 2357 1477 2400 versus
1581 2343 1582 2354 ¹

315 2438 556 2520 septentriones
583 2447 617 2502 et
642 2446 800 2512 austrum,
826 2446 928 2519 atque
954 2437 1000 2500 ita
1025 2436 1178 2518 jaceant3
1208 2437 1329 2502 deinde
1356 2459 1476 2521 super-

315 2552 458 2624 ponatur
477 2563 556 2606 acus
576 2542 681 2605 ferrea
700 2541 833 2619 intacta,
849 2549 882 2604 et
900 2541 1112 2624 permittatur
1128 2542 1174 2605 ita
1191 2561 1324 2604 manere
1338 2544 1384 2606 ad
1400 2545 1476 2607 dies

315 2665 376 2709 sex
391 2654 450 2709 aut
465 2656 604 2729 septem.
649 2644 742 2709 Acus
757 2665 835 2708 vero
850 2641 941 2729 (nam
958 2647 1000 2708 de
1019 2645 1084 2709 hoc
1105 2665 1171 2709 non
1185 2645 1372 2731 dubitatur)
1388 2648 1474 2710 dum

314 2758 427 2813 manet
443 2771 541 2832 super
557 2758 757 2830 magnetem,
773 2749 894 2812 relictis
910 2749 995 2831 polis
1012 2749 1134 2826 mundi,
1145 2769 1180 2812 se
1194 2758 1300 2812 vertet
1315 2751 1359 2812 ad
1372 2751 1474 2832 polos

315 2853 498 2934 magnetis3
520 2854 633 2934 itaque
652 2852 810 2934 quamdiu
831 2853 876 2916 ita
898 2860 1019 2929 manet,
1036 2853 1173 2916 vertitur
1192 2852 1316 2916 scilicet
1336 2854 1382 2916 ad
1405 2856 1474 2917 ori·

315 2965 427 3019 entem
450 2966 483 3020 et
506 2958 713 3021 occidentem
738 2955 863 3019 mundi.
918 2955 1017 3038 Quod
1041 2956 1068 3018 si
1091 2955 1275 3018 inveniatur
1299 2975 1378 3020 acus
1404 2956 1472 3036 illa,

314 3069 441 3122 remota
456 3081 476 3123 a
491 3070 646 3143 magnete
669 3070 702 3125 et
724 3062 834 3142 posita
856 3080 955 3141 super
974 3060 1162 3136 versorium,
1179 3060 1291 3122 statim
1308 3080 1344 3124 se
1359 3062 1471 3143 appli-

314 3181 389 3224 care
410 3163 453 3224 ad
478 3164 718 3244 septentriones
744 3174 778 3227 et
802 3172 958 3242 austmm,
979 3162 1031 3227 vel
1059 3162 1159 3225 etiam
1183 3163 1343 3244 paulatim
1367 3184 1404 3228 se
1429 3186 1470 3228 eo

314 3267 465 3346 recipere,
481 3276 552 3329 tum
576 3268 763 3349 recipienda
786 3278 836 3333 est
858 3286 918 3349 pro
939 3288 1046 3345 causa,
1061 3267 1247 3350 praesentia
1266 3277 1393 3342 terrae3
1417 3269 1470 3331 sin

312 3377 370 3432 aut
385 3377 531 3432 vertatur
548 3367 600 3453 (ut
620 3368 724 3455 prius)
744 3371 776 3432 in
797 3371 957 3435 orientem
980 3381 1014 3435 et
1036 3371 1252 3444 occidentem,
1267 3379 1324 3433 aut
1348 3372 1470 3452 perdat

312 3472 541 3550 verticitatem,
558 3471 712 3536 habenda
735 3483 786 3538 est
808 3474 864 3538 illa
886 3495 986 3538 causa
1008 3495 1068 3558 pro
1090 3483 1251 3558 suspecta,
1274 3485 1307 3538 et
1331 3475 1468 3540 ulterius

311 3577 542 3659 inquirendum
562 3575 656 3640 est⁹⁸.

311 3755 408 3810 There
420 3774 471 3810 can
484 3774 547 3811 now
559 3758 594 3811 be
610 3774 647 3810 no
666 3757 754 3811 doubt
772 3756 805 3811 of
820 3759 867 3811 the
886 3758 964 3811 truth
981 3757 1015 3812 of
1031 3758 1079 3811 the
1097 3758 1180 3812 latter
1194 3758 1362 3813 alternative.
1400 3761 1465 3814 The

311 3839 389 3892 earth
410 3856 472 3910 may
491 3841 526 3894 be
547 3841 682 3907 regarded
701 3857 730 3894 as
748 3858 765 3894 a
782 3847 841 3894 vast
859 3847 978 3908 magnet,
998 3840 1089 3895 whose
1108 3843 1184 3910 poles
1202 3858 1249 3895 are
1267 3849 1295 3894 at
1314 3858 1392 3896 some
1409 3843 1464 3897 dis-

311 3925 392 3974 tance
405 3920 477 3975 from
491 3923 539 3976 the
551 3924 703 3976 terrestrial
718 3924 802 3992 poles,
816 3923 864 3976 the
880 3924 958 3989 angle
972 3922 1060 3977 which
1076 3923 1125 3977 the
1142 3925 1278 3990 magnetic
1291 3925 1385 3978 males
1398 3927 1463 3980 with

310 4004 359 4056 the
377 4006 567 4073 geographical
585 4007 719 4060 meridiari
737 4007 819 4073 being
838 4007 938 4060 known
953 4022 982 4059 as
998 4007 1046 4060 the
1059 4006 1225 4061 declinatiou
1238 4024 1271 4062 or
1282 4009 1415 4062 variatiou
1435 4009 1466 4062 of

310 4087 359 4140 the
372 4089 509 4155 magnetic
522 4089 628 4144 needle.

346 4167 368 4200 ’ἶ
387 4170 431 4224 De
445 4171 584 4239 Magnete,
597 4172 634 4227 iii.
647 4189 688 4226 rr.
725 4173 788 4225 The
801 4188 876 4226 same
893 4171 1008 4241 chapter
1025 4173 1082 4226 also
1100 4173 1226 4227 contains
1243 4189 1279 4227 an
1297 4181 1416 4228 account
1433 4176 1465 4232 ol

309 4253 358 4306 the
371 4259 438 4306 next
450 4254 633 4308 observation.

346 4333 367 4365 ⁰⁸
386 4335 450 4390 The
468 4335 573 4391 former
590 4338 760 4405 alternative,
779 4337 812 4392 of
829 4352 935 4406 course,
954 4344 1110 4407 represents
1126 4339 1175 4393 the
1194 4338 1273 4394 facts.
1309 4341 1334 4393 n
1355 4341 1461 4408 needle,

310 4417 439 4471 however
451 4419 628 4488 magnetised,
641 4421 703 4488 will,
716 4421 797 4474 when
815 4421 929 4475 allowed
946 4427 977 4473 to
991 4428 1056 4474 tum
1069 4421 1164 4490 freely,
1177 4423 1231 4474 and
1243 4423 1375 4477 removed
1388 4421 1460 4478 from

310 4498 358 4550 the
371 4500 506 4554 influence
518 4501 551 4554 of
560 4518 613 4572 any
625 4503 707 4557 other
719 4510 838 4572 magnet,
852 4504 941 4558 direct
953 4504 1029 4558 itself
1037 4505 1123 4558 north
1134 4506 1188 4559 and
1200 4505 1291 4561 south.
