3346 5104
637 465 717 524 ars.
739 466 765 524 J.
789 470 925 544 72-73·
1294 473 1357 546 259

207 623 263 708 qui
286 623 399 691 omnia
417 626 450 690 in
474 625 680 710 experientia
706 637 845 710 ponunt.
890 629 1011 712 Neque
1033 628 1122 694 enim
1145 628 1235 694 mille
1257 649 1359 696 anno·

207 748 278 792 rum
290 729 315 770 ⁹¹
330 730 509 810 historiam,
525 752 611 814 quae
629 733 730 814 digna
746 742 816 797 erat
835 733 968 798 nomine
987 735 1150 812 historiae,
1166 733 1335 798 habebant
1348 759 1357 814 3

206 835 264 898 sed
275 833 402 898 fabulas
418 845 451 899 et
468 855 615 899 rumores
630 836 845 917 antiquitatis.
892 837 1081 920 Regionum
1090 859 1168 902 vero
1180 847 1360 903 tractuum·

207 958 272 1021 que
298 937 414 1018 mundi
439 940 597 1022 exiguam
623 949 751 1021 partem
777 949 960 1006 noverant:
990 960 1067 1004 cum
1094 962 1211 1006 omnes
1237 941 1359 1024 hyper-

206 1041 332 1120 boreos,
378 1043 531 1125 Scythas,
571 1063 688 1107 omnes
732 1043 963 1123 occidentaleS,
1009 1044 1122 1110 Celtas
1169 1046 1360 1110 indistincte

206 1145 431 1228 appellarent;
456 1145 500 1209 nil
524 1147 557 1209 in
580 1145 696 1209 Africa
719 1146 804 1210 ultra
826 1148 974 1211 citimam
997 1147 1201 1231 Aethiopiae
1220 1158 1359 1231 partem,

206 1249 251 1311 nil
268 1250 300 1312 in
319 1250 403 1314 Asia
425 1249 511 1314 ultra
532 1249 694 1334 Gangem,
710 1249 817 1314 multo
838 1252 947 1314 minus
969 1253 1044 1314 novi
1061 1253 1149 1317 orbis
1167 1253 1359 1335 provincias,

206 1373 248 1416 ne
260 1375 319 1436 per
327 1354 477 1418 auditum
488 1375 568 1418 sane
584 1365 642 1419 aut
654 1355 779 1418 samam
794 1355 941 1436 aliquam
954 1353 1078 1420 certam
1093 1364 1128 1420 et
1140 1365 1358 1436 constantem,

207 1467 364 1537 nossent;
387 1460 454 1522 imo
477 1469 511 1522 et
534 1458 676 1542 plurima
699 1459 834 1523 climata
856 1468 891 1522 et
913 1480 1026 1538 zonae,
1043 1460 1076 1523 in
1100 1461 1221 1542 quibus
1243 1459 1357 1544 populi

206 1561 324 1626 infiniti
348 1562 474 1645 spirant
494 1572 528 1627 et
548 1564 684 1646 degunt,
705 1573 864 1645 tanquam
888 1561 1121 1628 inhabitabiles
1135 1564 1178 1627 ab
1198 1562 1262 1626 illis
1283 1583 1358 1645 pro-

207 1666 359 1729 nuntiata
382 1667 468 1741 sint;
491 1667 673 1748 quinetiam
692 1667 973 1749 peregrinationes
994 1666 1185 1746 Democriti,
1202 1666 1358 1744 Platonis,

207 1769 425 1853 Pythagorae,
449 1791 514 1834 non
538 1770 738 1852 longinquae
761 1770 917 1853 profecto,
933 1772 992 1834 sed
1009 1772 1121 1853 potius
1142 1769 1358 1848 suburbanae,

206 1882 244 1937 ut
260 1893 417 1956 magnum
431 1873 557 1955 aliquid
573 1873 824 1938 celebrarentur.
869 1874 1002 1938 Nostris
1018 1883 1130 1938 autem
1146 1875 1359 1971 temporibus,

206 1987 240 2040 et
256 1977 332 2042 novi
342 1977 431 2041 orbis
446 1987 557 2060 partes
570 1977 756 2059 complures
768 1985 800 2041 et
809 1979 930 2043 veteris
945 1978 1033 2042 orbis
1050 1988 1200 2042 extrema
1213 1979 1359 2062 undique

206 2079 438 2160 innotescunt3
469 2091 503 2145 et
532 2080 566 2144 in
590 2081 754 2146 infinitum
782 2082 1086 2164 experimentorum
1116 2082 1268 2146 cumulus
1300 2102 1359 2145 ex-

206 2186 314 2248 crevit
360 2184 472 2268 Quare
483 2185 510 2248 si
526 2206 570 2249 ex
587 2185 768 2248 nativitatis
783 2195 842 2249 aut
854 2185 1026 2267 geniturae
1041 2196 1191 2269 tempore
1207 2183 1358 2272 (astrolo-

205 2309 322 2371 gorum
332 2286 437 2374 more)
447 2289 541 2371 signa
554 2289 715 2371 capienda
724 2289 799 2367 sint,
816 2289 862 2352 nil
874 2291 986 2372 magni
996 2290 1038 2354 de
1056 2289 1127 2354 istis
1142 2288 1359 2373 philosophiis

206 2391 382 2474 significari
396 2394 536 2456 videtur.

149 2561 185 2604 N
695 2490 863 2555 LXXIII.

252 2613 343 2676 Inter
365 2612 468 2695 signa,
494 2612 621 2676 nullum
651 2613 757 2694 magis
788 2620 915 2676 certum
940 2623 998 2676 aut
1030 2613 1140 2679 nobile
1172 2624 1231 2695 est,
1256 2634 1357 2698 quam

208 2718 298 2798 quod
330 2737 375 2780 ex
413 2716 582 2780 fructibus.
641 2715 782 2780 Fructus
814 2716 903 2779 enim
934 2725 967 2780 et
1005 2739 1105 2799 opera
1135 2719 1268 2782 inventa
1299 2739 1358 2802 pro

174 2811 345 2884 'veritate
367 2819 649 2903 philosophiamm
672 2820 764 2883 velut
786 2841 961 2902 sponsores
984 2830 1018 2884 et
1040 2822 1249 2904 fidejussores
1272 2832 1364 2897 sunt,

206 2921 323 3006 Atque
357 2945 401 2987 ex
437 2921 654 3006 philosophiis
688 2924 760 2987 istis
791 2923 1001 3000 Graecorum,
1034 2935 1067 2989 et
1101 2926 1358 2990 derivationibus

207 3048 319 3092 earum
346 3049 405 3110 per
428 3028 640 3110 particulares
665 3028 827 3105 scientias,
846 3029 916 3109 jam
940 3049 1000 3110 per
1024 3039 1075 3094 tot
1097 3051 1258 3094 annorum
1281 3051 1358 3113 spa-

207 3132 263 3208 tia,
287 3133 345 3196 vix
368 3153 470 3196 unum
494 3133 758 3214 experimentum
782 3133 903 3197 adduci
926 3143 1046 3214 potest,
1070 3136 1160 3218 quod
1186 3136 1229 3199 ad
1252 3135 1358 3200 homi-

208 3257 287 3299 num
310 3244 436 3301 statum
456 3236 633 3300 levandum
658 3245 691 3299 et
710 3235 895 3317 juvandum
918 3247 1054 3320 spectet,
1074 3249 1108 3302 et
1130 3239 1358 3323 philosophiae

182 3401 191 3451 l
208 3406 330 3474 Raleigh,
344 3406 397 3459 and
415 3407 464 3459 the
482 3404 562 3459 three
582 3405 745 3460 Hawklnses
763 3421 837 3460 were
856 3406 891 3459 all
909 3405 950 3460 his
965 3410 1210 3477 contemporaries.
1248 3408 1357 3476 Hence,

205 3491 252 3543 the
264 3490 453 3558 geographical
462 3489 622 3556 knowledge
633 3490 773 3557 possessed
782 3489 818 3558 by
828 3489 876 3542 the
886 3492 1009 3545 ancients
1022 3508 1077 3545 was
1089 3493 1199 3561 already
1211 3493 1359 3561 beginning

204 3578 236 3626 to
248 3589 349 3641 appear
360 3573 567 3642 contemptible.
595 3572 659 3625 The
671 3571 848 3642 frontispiece
861 3573 894 3626 of
902 3574 950 3628 the
960 3572 1019 3627 first
1029 3575 1133 3628 edition
1146 3575 1179 3630 of
1187 3577 1236 3630 the
1246 3576 1357 3630 Novum

205 3656 346 3723 Orgauum
361 3661 517 3724 represents
534 3673 549 3710 a
565 3655 650 3709 vessel
665 3656 692 3708 in
710 3656 757 3710 full
775 3657 830 3723 sall,
844 3658 951 3725 passing
967 3658 1094 3712 between
1107 3666 1163 3714 two
1178 3659 1278 3728 pillars,
1291 3657 1358 3712 with

204 3739 253 3791 the
264 3745 355 3792 motto
370 3739 468 3792 ‘Multi
480 3739 693 3807 pertransibunt,
707 3745 735 3793 et
749 3739 892 3807 augebitur
904 3740 1035 3794 scientia!
1068 3741 1152 3812 (Dan.
1165 3741 1211 3796 xii.
1225 3739 1262 3809 4.)

240 3820 261 3853 ⁰¹
281 3823 313 3875 ln
325 3823 373 3876 the
392 3822 501 3876 ‘Praise
514 3821 546 3876 of
563 3822 751 3890 knowledge:
770 3824 849 3890 given
869 3823 896 3875 in
917 3824 1075 3892 Speddiug's
1094 3825 1205 3878 Letters
1223 3824 1277 3878 and
1295 3821 1358 3878 Life

205 3904 238 3958 of
247 3905 341 3960 Bacon
354 3903 421 3975 (vol.
434 3905 451 3958 i.
464 3922 492 3974 p.
508 3906 579 3975 124),
595 3906 687 3958 Bacon
703 3922 778 3973 says:
805 3905 885 3959 ‘The
904 3907 1012 3960 Greeks
1031 3906 1111 3960 knew
1131 3907 1241 3976 (except
1260 3907 1357 3976 lables)

205 3996 254 4042 not
266 3989 348 4043 much
368 3989 454 4044 above
473 3989 524 4043 five
541 3988 670 4043 hundred
688 4004 766 4056 years
783 3988 879 4041 before
898 3989 1078 4042 themselves!
1116 3989 1225 4058 Taking
1243 3990 1358 4060 roughly

203 4072 253 4125 the
265 4072 361 4141 period
380 4072 412 4126 of
425 4073 537 4142 literary
553 4072 665 4142 activity
684 4077 811 4139 amongst
827 4072 874 4125 the
890 4071 997 4127 Greeks
1012 4078 1041 4126 at
1059 4073 1110 4126 five
1129 4073 1256 4127 hundred
1271 4090 1358 4144 years,

203 4154 252 4210 the
266 4161 322 4210 two
334 4172 458 4225 passages
470 4157 561 4211 would
572 4157 608 4210 be
620 4155 780 4210 consistent.

241 4239 298 4294 Mr.
323 4241 413 4294 Grote
438 4241 460 4293 is
484 4239 516 4296 of
537 4241 649 4310 opinion
674 4240 734 4293 that
757 4255 799 4293 we
824 4239 892 4293 have
916 4255 952 4292 no
976 4239 1157 4308 trustworthy
1181 4239 1357 4294 information

204 4322 349 4390 regarding
366 4323 459 4377 Greek
478 4324 583 4392 history
601 4323 641 4378 till
662 4323 709 4376 the
731 4322 790 4376 first
811 4322 947 4376 recorded
965 4323 1117 4391 Olympiad,
1138 4326 1189 4388 77⁶
1209 4336 1265 4378 uc.
1302 4323 1357 4377 We
1472 4371 1478 4388 ,

203 4412 288 4474 must,
308 4405 340 4460 of
358 4422 466 4472 course,
487 4407 646 4474 distinguisb
668 4407 795 4460 between
817 4405 930 4460 definite
954 4405 1093 4460 historical
1116 4412 1281 4463 statements
1304 4406 1358 4461 and

204 4489 253 4543 the
269 4489 401 4544 evidence
421 4489 543 4544 afforded
561 4491 598 4560 by
617 4490 794 4558 institutione
813 4496 943 4559 customs
958 4489 1098 4558 language,
1115 4489 1174 4558 dac,
1188 4491 1277 4547 which
1296 4507 1359 4562 may

204 4573 312 4628 stretcb
324 4574 406 4628 much
419 4572 528 4628 further
540 4573 620 4629 back.

755 4673 809 4728 S2
