3220 5102
624 449 704 509 rsa.
727 449 770 504 n.
792 456 845 527 45·
1247 458 1310 528 509

162 612 298 680 Calores
314 612 414 678 etiam
432 611 597 678 insinuant
615 636 651 678 se
672 637 731 698 per
750 615 924 680 distantias
943 615 1081 699 amplas,
1096 618 1185 702 quod
1202 619 1309 682 etiam

159 720 284 784 faciunt
310 718 450 800 frigora3
482 719 568 782 adeo
594 727 631 782 ut
653 718 879 783 habitantibus
902 719 987 784 cirea
1011 720 1182 786 Canadam
1206 722 1310 786 moles

159 824 228 888 sive
266 843 395 887 massae
431 821 595 905 glaciales
628 842 714 905 quae
750 824 990 908 abrumpuntur
1027 836 1060 889 et
1097 835 1214 891 natant
1251 847 1311 909 per

160 947 321 991 oceanum
338 925 630 1009 septentrionalem
646 936 680 990 et
696 926 885 991 desenintur
899 948 958 1010 per
973 927 1183 994 Atlanticum
1198 951 1310 994 versus

162 1030 235 1093 illas
247 1051 330 1106 oras,
342 1031 565 1115 percipiantur
577 1040 611 1095 et
623 1031 784 1096 incutiant
795 1031 1147 1118 frigoraelonginquo.
1180 1036 1311 1100 Odores

162 1155 294 1217 quoque
320 1133 412 1220 (licet
438 1135 471 1197 in
492 1131 549 1198 his
574 1136 726 1199 videatur
747 1155 877 1218 semper
899 1157 970 1201 esse
993 1141 1156 1220 quaedam
1180 1140 1310 1205 emissio

163 1257 320 1320 corporea
329 1236 354 1324 9)
370 1247 549 1322 operantur
563 1239 606 1303 ad
623 1240 798 1304 distantias
813 1240 995 1320 notabiles;
1019 1253 1056 1306 ut
1075 1243 1203 1307 evenire
1225 1244 1311 1309 solet

164 1342 395 1424 navigantibus
413 1342 512 1426 juxta
535 1343 631 1407 litora
655 1343 817 1420 Floridae,
843 1352 901 1407 aut
927 1346 1028 1409 etiam
1052 1347 1208 1411 nonnulla
1232 1347 1311 1412 His-

162 1446 289 1527 paniae,
309 1448 365 1511 ubi
393 1455 469 1511 sunt
494 1447 607 1530 sylvae
635 1457 728 1512 totae
751 1469 795 1511 ex
826 1448 996 1511 arboribus
1026 1450 1195 1528 limonum,
1218 1471 1312 1515 aran·

162 1549 284 1613 tiorum
295 1549 329 1629 ¹⁰,
356 1561 390 1615 et
415 1551 606 1634 hujusmodi
633 1543 821 1635 plantarum
848 1552 1070 1635 odoratarum,
1093 1563 1151 1618 aut
1180 1554 1312 1618 frutices

163 1655 371 1731 rorismarini‚
389 1655 587 1736 majoranae,
604 1665 637 1719 et
658 1656 813 1719 similium
823 1654 857 1718 ¹¹.
914 1656 1086 1721 Postremo
1113 1658 1313 1722 radiationes

162 1759 244 1822 lueis
260 1767 294 1823 et
313 1759 542 1843 impressiones
561 1780 715 1823 sonorum
737 1768 915 1842 operantur
931 1760 1057 1824 scilicet
1077 1762 1120 1825 ad
1139 1761 1313 1825 distantias

163 1863 334 1944 spatiosas.

207 1965 333 2029 Verum
344 1965 427 2030 haec
441 1965 562 2040 omnia,
576 1976 743 2049 utcunque
754 1975 933 2048 operentur
947 1967 990 2030 ad
1006 1966 1180 2032 distantias
1195 1989 1313 2051 parvas

164 2068 233 2132 sive
261 2090 407 2151 magnas,
431 2077 610 2151 operantur
632 2078 721 2133 certe
743 2070 786 2133 ad
810 2069 919 2133 finitas
943 2078 976 2133 et
999 2078 1135 2134 naturae
1157 2081 1261 2150 notas,
1277 2082 1314 2136 ut

165 2174 208 2236 sit
230 2175 388 2256 quiddam
409 2173 486 2236 Non
515 2173 633 2237 Ultra:
658 2173 756 2256 idque
775 2194 834 2256 pro
853 2174 1041 2249 rationibus,
1058 2186 1116 2240 aut
1137 2177 1233 2240 molis
1255 2199 1314 2242 seu

166 2279 281 2359 quanti
311 2298 505 2361 corporum;
536 2284 594 2341 aut
623 2277 744 2359 vigoris
774 2288 808 2341 et
838 2279 1017 2342 debilitatis
1047 2280 1225 2358 virtutum;
1255 2292 1313 2346 aut

167 2381 332 2447 favoribus
356 2392 389 2446 et
413 2381 658 2464 impedimentis
681 2382 884 2462 mediorum3
915 2403 1000 2465 quae
1025 2384 1138 2447 omnia
1164 2385 1197 2447 in
1223 2406 1314 2449 com·

165 2487 372 2568 putationem
402 2487 513 2550 venire
540 2494 573 2550 et
602 2487 708 2549 notari
738 2486 871 2550 debent.
927 2484 1117 2566 Quinetiam
1142 2509 1313 2553 mensurae

167 2599 316 2653 motuum
328 2590 547 2654 violentorum
560 2583 657 2674 (quos
668 2591 813 2672 vocant),
826 2599 861 2653 ut
874 2589 1055 2666 missilium,
1067 2600 1313 2670 tormentorum,

167 2703 322 2772 rotarum,
338 2703 371 2758 et
387 2693 551 2770 similium,
567 2714 642 2757 cum
658 2691 722 2755 hae
736 2714 868 2775 quoque
884 2693 1059 2757 manifesto
1075 2715 1151 2757 suos
1169 2693 1315 2759 habeant

167 2796 289 2861 limites
305 2807 418 2876 certos,
436 2798 602 2862 notandae
617 2806 703 2861 sunt.

211 2901 429 2966 Inveniuntur
442 2901 543 2965 etiam
560 2901 695 2983 quidam
714 2909 824 2964 motus
840 2909 874 2964 et
888 2901 1027 2965 virtutes
1045 2900 1228 2965 contrariae
1243 2901 1315 2979 illis,

170 3025 255 3086 quae
270 3014 448 3086 operantur
463 3025 521 3088 per
536 3011 663 3067 tactum
680 3012 714 3067 et
729 3024 795 3066 non
810 3004 853 3068 ad
870 3003 1015 3084 distans3
1039 3025 1124 3088 quae
1139 3015 1316 3088 operantur

166 3108 291 3172 scilicet
307 3109 349 3172 ad
367 3109 493 3173 distans
508 3117 543 3172 et
555 3129 619 3171 non
632 3108 675 3171 ad
691 3116 832 3187 tactum;
855 3116 889 3171 et
904 3128 1022 3185 rursus,
1038 3130 1124 3194 quae
1139 3118 1316 3192 operantur

168 3213 333 3275 remissius
363 3213 406 3276 ad
437 3212 629 3276 distantiam
655 3212 815 3274 minorem
841 3221 876 3276 et
905 3211 1020 3276 fortius
1049 3214 1092 3277 ad
1123 3213 1315 3277 distantiam

167 3394 192 3448 ii.
210 3409 257 3458 ¹05
273 3389 359 3462 (109),
372 3397 441 3446 sect.
456 3408 515 3458 235,
528 3391 601 3447 xxiv.
616 3405 646 3455 17
662 3388 749 3461 (τοι),
765 3397 833 3445 sect.
850 3397 915 3461 158;
935 3393 1089 3449 Plutarch's
1105 3394 1168 3448 Life
1185 3393 1218 3448 of
1233 3396 1316 3450 Alex·

166 3476 259 3542 ander,
272 3475 316 3529 cb.
331 3493 373 3541 35.

201 3557 212 3590 ⁹
230 3559 301 3612 This
319 3558 490 3627 supposition
513 3559 543 3626 is,
565 3557 597 3612 of
618 3574 726 3624 course,
748 3557 830 3625 right.
866 3561 917 3628 Cp.
937 3561 1125 3628 Cogitationes
1147 3559 1191 3614 De
1211 3560 1318 3614 Natura

168 3641 281 3710 Rerum,
298 3643 331 3698 E.
343 3643 398 3695 and
415 3643 515 3709 S.,v01.
529 3643 565 3695 iii.
582 3658 627 3711 pp.
643 3660 683 3708 15,
699 3645 746 3708 163
766 3642 845 3711 Sylva
864 3643 1013 3711 sylvarum,
1035 3643 1103 3711 Erip.
1118 3648 1179 3708 834.
1217 3644 1249 3696 In
1268 3645 1316 3697 the

166 3727 249 3780 latter
260 3743 379 3796 passage,
392 3726 427 3780 be
439 3743 516 3794 says:
536 3726 580 3778 ‘It
594 3727 616 3777 is
627 3731 690 3778 true
703 3724 763 3777 tbat
775 3740 852 3778 some
865 3726 960 3779 woods
972 3725 1004 3778 ol
1018 3741 1142 3792 oranges,
1155 3725 1209 3778 and
1222 3726 1317 3780 heaths

166 3809 199 3862 of
207 3825 356 3878 rosemary,
369 3809 423 3863 will
435 3808 512 3862 smell
525 3825 540 3862 a
552 3813 630 3874 great
642 3823 703 3874 way
715 3807 775 3859 into
787 3807 835 3860 the
847 3823 901 3873 sea,
914 3807 1031 3875 perhaps
1043 3813 1147 3876 twenty
1161 3809 1254 3862 miles!

202 3891 224 3924 ¹⁰
243 3893 313 3947 This
326 3895 348 3945 is
360 3892 493 3961 probably
505 3907 521 3944 a
531 3890 657 3958 misprint
668 3889 714 3943 for
725 3889 921 3956 aurantiorum,
934 3905 1058 3957 oranges.

201 3974 222 4006 ¹¹
242 3975 298 4030 Mr.
312 3976 378 4029 Ellis
390 3973 477 4029 refers
489 3979 519 4028 to
533 3971 660 4026 Paradise
673 3971 751 4037 Lost,
764 3971 798 4026 iv.
812 3990 846 4038 99
861 3971 894 4042 (it
906 3971 1003 4025 should
1016 3972 1051 4026 be
1066 3990 1125 4040 159,
1137 3972 1217 4044 &c.):

732 4057 741 4086 ‘
750 4057 788 4130 hs
807 4055 886 4109 when
906 4060 937 4109 to
955 4055 1035 4110 those
1053 4057 1116 4111 who
1134 4057 1183 4111 sail

272 4141 387 4211 Beyond
404 4141 454 4195 the
474 4141 548 4209 Cape
567 4139 599 4193 of
615 4140 707 4207 Hope,
725 4139 780 4192 and
799 4156 862 4192 now
880 4156 927 4194 are
945 4147 1006 4208 past

273 4224 441 4292 Mozambic,
459 4223 502 4278 off
516 4230 545 4277 at
562 4239 608 4276 sea
626 4222 801 4276 North-East
819 4222 907 4276 winds
924 4222 997 4276 blow

274 4307 380 4362 Sabean
399 4307 509 4360 Odours
527 4305 598 4360 from
617 4306 665 4359 the
683 4306 758 4376 spicy
776 4305 857 4360 shore

274 4391 315 4444 of
331 4392 431 4445 Arabie
450 4392 498 4445 the
517 4391 596 4457 blest,
615 4390 682 4444 with
700 4390 767 4444 such
786 4390 865 4458 delay

274 4474 349 4529 Well
368 4474 469 4543 pleas'd
486 4474 552 4544 they
570 4474 643 4527 slaclr
662 4474 736 4527 their
754 4489 861 4540 course,
880 4472 935 4526 and
953 4487 1035 4542 many
1053 4489 1070 4527 a
1087 4473 1197 4541 League

275 4557 393 4612 Cbeer¹d
412 4558 477 4610 with
495 4558 543 4611 the
560 4556 678 4624 grateful
695 4557 773 4611 smell
790 4556 838 4610 old
856 4557 952 4611 Ocean
969 4557 1077 4628 smiles!
