3208 5094
591 444 671 502 LIB.
694 443 737 503 II.
761 448 814 518 50.
1217 444 1279 526 561

129 601 192 668 fusi
215 614 346 672 arcent:
373 614 410 672 ut
433 607 471 671 fit
490 606 523 671 in
540 611 787 674 conservatione
805 631 942 674 uvarum
961 619 995 674 et
1014 611 1179 677 fructuum
1199 615 1284 680 intra

129 727 271 790 arenam,
284 721 318 776 et
330 711 478 775 farinam.
510 712 622 776 Etiam
634 734 717 791 cera,
730 714 803 792 mel,
816 715 885 796 pix,
899 724 933 778 et
945 715 1135 798 hujusmodi
1145 720 1284 796 tenacia,

131 823 218 878 recte
233 815 442 880 obducuntur
456 818 499 881 ad
515 814 699 880 clausuram
714 817 953 900 perfectiorem,
964 829 997 884 et
1013 822 1056 884 ad
1072 841 1284 886 summoven-

131 918 212 980 dum
227 926 336 982 aerem
350 931 383 984 et
394 921 558 985 coelestia.
597 921 709 985 Etiam
726 942 787 986 nos
802 923 1069 1004 experimentum
1085 928 1286 1008 quandoque

130 1017 275 1100 fecimus,
285 1025 514 1104 ponendovas,
526 1044 654 1088 necnon
664 1025 775 1107 aliqua
784 1024 850 1089 alia
862 1044 1007 1107 corpora,
1016 1026 1101 1090 intra
1110 1039 1284 1110 argentum

132 1123 252 1202 vivum,
265 1128 353 1208 quod
364 1129 512 1191 omnium
524 1127 622 1211 longe
632 1129 865 1192 densissimum
878 1138 928 1192 est
941 1149 984 1191 ex
997 1130 1036 1193 iis
1046 1150 1133 1212 quae
1148 1133 1285 1196 circum-

133 1225 226 1290 fundi
252 1240 399 1311 possunt.
448 1231 641 1314 Quinetiam
667 1251 784 1314 specus
811 1240 845 1295 et
870 1252 1030 1296 cavernae
1054 1235 1286 1300 subterraneae

135 1334 246 1413 magni
256 1355 333 1398 usus
345 1343 420 1398 sunt
432 1335 474 1398 ad
488 1334 729 1418 prohibendum
740 1333 1006 1399 insolationem⁸⁴
1022 1345 1056 1400 et
1065 1343 1173 1400 aerem
1185 1339 1286 1402 istum

133 1444 285 1516 apertum
301 1437 565 1519 praedatorium;
588 1437 740 1520 qualibus
756 1446 893 1502 utuntur
908 1437 1065 1501 Germani
1082 1437 1286 1521 Septentrio·

134 1538 224 1600 nales
240 1559 299 1621 pro
314 1542 480 1622 granariis.
505 1542 643 1606 Necnon
657 1542 815 1623 repositio
830 1561 1004 1622 corporum
1020 1543 1053 1604 in
1069 1543 1171 1606 fundo
1186 1565 1286 1626 aqua-

135 1659 205 1703 rum
218 1643 261 1704 ad
274 1642 336 1706 hoc
349 1653 492 1725 spectat:
516 1653 553 1708 ut
565 1645 699 1708 memini
712 1665 765 1706 me
777 1644 946 1726 quippiam
959 1645 1091 1709 audisse
1106 1645 1149 1708 de
1161 1646 1287 1709 utribus

133 1742 200 1806 vini
216 1746 366 1810 demissis
378 1747 412 1810 in
428 1747 625 1829 profundum
642 1755 787 1829 puteum,
802 1746 845 1810 ad
862 1747 1140 1829 infrigidationem
1155 1749 1287 1827 scilicet,

135 1847 192 1910 sed
210 1867 287 1912 casu
303 1858 336 1913 et
351 1871 411 1932 per
426 1850 613 1940 neglectum
630 1871 668 1914 ac
683 1850 885 1914 oblivionem
901 1851 1024 1914 ibidem
1041 1851 1287 1916 remanentibus

135 1969 195 2030 per
209 1952 332 2014 multos
346 1973 458 2032 annoS,
474 1963 507 2017 et
522 1953 643 2016 deinde
659 1953 818 2016 extractis
831 1978 838 2030 ;
861 1955 951 2017 unde
965 1953 1079 2016 vinum
1096 1955 1220 2019 factum
1237 1964 1288 2018 est

136 2072 203 2114 non
218 2053 325 2116 solum
336 2073 401 2118 non
412 2056 570 2137 vapidum
582 2064 640 2118 aut
650 2064 846 2132 emortuum,
858 2057 915 2119 sed
934 2056 1040 2120 multo
1056 2059 1161 2140 magis
1178 2057 1289 2121 nobile

136 2155 178 2217 ad
202 2164 346 2235 gustum,
368 2176 427 2237 per
448 2158 722 2221 commixtionem
745 2157 889 2237 partium
912 2179 1044 2222 suarum
1071 2158 1123 2245 (ut
1144 2159 1287 2248 videtur)

136 2257 242 2336 magis
254 2259 463 2339 exquisitam.
501 2259 600 2341 Quod
613 2259 639 2322 si
652 2258 796 2340 postulet
807 2279 857 2321 res
870 2269 906 2322 ut
916 2280 1054 2343 corpora
1069 2264 1289 2330 demittantur

136 2360 178 2422 ad
192 2358 332 2423 fundum
344 2380 513 2444 aquarum,
525 2360 627 2424 veluti
639 2362 724 2424 intra
739 2359 854 2424 fluvios
870 2371 927 2426 aut
944 2383 1041 2443 mare,
1052 2387 1160 2448 neque
1176 2376 1289 2432 tamen

136 2483 241 2545 aquas
255 2471 404 2546 tangant,
420 2483 480 2527 nec
495 2464 529 2526 in
543 2463 676 2528 vasibus
694 2463 856 2528 obturatis
874 2466 1120 2547 concludantur,
1136 2472 1194 2534 sed
1213 2477 1289 2534 aere

137 2577 270 2631 tantum
290 2569 552 2646 circumdentur3
579 2567 686 2631 bonus
705 2576 755 2631 est
774 2588 850 2630 usus
870 2568 956 2632 vasis
977 2568 1063 2633 illius
1086 2575 1175 2653 quod
1195 2573 1289 2636 adhi-

137 2671 245 2735 bitum
272 2681 322 2736 est
349 2692 586 2753 nonnunquam
612 2671 656 2734 ad
684 2670 890 2752 operandum
920 2671 1034 2736 subter
1065 2677 1160 2756 aquis
1190 2696 1290 2757 super

138 2775 270 2857 navigia
297 2775 456 2852 demersa,
482 2783 519 2838 ut
546 2774 728 2838 urinatores
754 2773 876 2838 diutius
907 2794 1040 2840 manere
1069 2779 1196 2859 possint
1225 2779 1288 2842 sub

138 2879 242 2959 aquis,
268 2887 301 2942 et
331 2897 390 2960 per
413 2878 501 2940 vices
530 2877 574 2940 ad
605 2885 736 2958 tempus
767 2877 934 2958 respirare.
981 2878 1068 2943 illud
1098 2880 1288 2964 hujusmodi

139 2989 217 3045 erat.
271 2979 517 3045 Conficiebatur
552 2977 679 3044 dolium
717 3000 761 3042 ex
798 2980 935 3046 metallo
972 3001 1161 3063 concavum,
1199 2986 1290 3068 quod

139 3084 378 3148 demittebatur
407 3083 624 3166 aequabiliter
652 3084 695 3148 ad
728 3083 933 3166 superficiem
966 3105 1080 3168 aquae,
1109 3099 1211 3171 atque
1242 3091 1290 3154 sic

138 3185 337 3269 deportabat
355 3196 463 3253 totum
485 3194 595 3251 adrem
618 3188 674 3270 qui
698 3187 929 3251 continebatur
951 3190 984 3251 in
1007 3190 1096 3255 dolio
1119 3214 1230 3257 secum
1255 3194 1289 3257 in

139 3288 275 3353 fundum
303 3292 409 3355 maris.
464 3290 585 3355 Stabat
610 3299 722 3354 autem
749 3311 848 3374 super
869 3292 972 3373 pedes
999 3301 1064 3358 tres
1091 3293 1209 3382 (instar
1232 3297 1290 3361 tri-

139 3392 259 3478 podis),
275 3395 331 3477 qui
350 3395 564 3479 longitudinis
583 3403 676 3460 erant
693 3394 864 3476 aliquanto
883 3396 1017 3462 minoris
1037 3407 1163 3464 statura
1182 3401 1289 3464 homi·

138 3497 188 3558 nis
200 3517 208 3574 ;
232 3497 277 3558 ita
293 3505 330 3560 ut
346 3499 490 3562 urinator
512 3508 624 3581 posset
647 3518 723 3561 cum
745 3497 909 3564 anhelitus
932 3501 1096 3581 deficeret,
1112 3503 1291 3566 immittere

140 3606 240 3679 caput
256 3599 289 3662 in
304 3619 421 3662 cavum
436 3601 524 3679 dolii,
541 3610 574 3665 et
591 3601 756 3684 respirare,
773 3611 807 3666 et
821 3602 943 3667 deinde
958 3623 1042 3685 opus
1057 3603 1289 3668 continuare⁸⁵.

139 3778 300 3847 permistum
311 3778 318 3802 '
331 3780 385 3832 and
402 3778 450 3833 the
463 3780 593 3833 ‘vacuum
610 3786 803 3836 coacervatum
814 3782 821 3807 ’
834 3781 861 3834 in
880 3783 928 3836 the
944 3783 1109 3852 concluding
1125 3783 1248 3838 remarks
1259 3784 1292 3839 of

138 3861 165 3916 ii.
179 3866 223 3926 48.
261 3861 294 3914 ln
305 3859 354 3914 the
366 3869 477 3930 present
489 3879 607 3932 passage,
619 3863 668 3917 the
680 3865 808 3932 meaning
821 3865 842 3918 is
854 3865 978 3921 obvious.

173 3941 195 3974 ⁸⁴
215 3943 323 4013 Drying
340 3945 368 3997 in
386 3944 434 3998 the
452 3961 512 4014 sun,
530 3963 563 3999 or
580 3961 715 4015 exposure
732 3952 763 3999 to
781 3947 829 4002 the
846 3964 906 4004 sun.
942 3949 1006 4005 The
1025 3951 1102 4004 word
1124 3951 1147 4005 is
1166 3950 1233 4004 used
1251 3950 1289 4019 by

140 4026 227 4095 Pliny,
240 4026 304 4081 Nat.
318 4027 394 4083 Hist.
407 4029 462 4082 xxi.
477 4047 508 4094 14
521 4027 593 4099 (49),
605 4035 674 4084 sect.
687 4035 731 4095 ⁸4·

174 4107 196 4140 ⁸⁸
215 4110 267 4178 Cp.
285 4110 410 4165 Historia
428 4111 516 4164 Densi
537 4117 567 4165 et
590 4111 664 4178 Rari,
684 4113 717 4168 E.
736 4113 790 4167 and
809 4115 844 4180 S,
863 4114 915 4169 vol.
935 4114 963 4168 ii.
982 4131 1010 4183 p.
1033 4132 1094 4181 299.
1130 4114 1289 4170 Beckmann

140 4191 273 4262 (History
291 4192 324 4246 of
340 4192 509 4262 Inventions)
530 4193 577 4248 bas
594 4210 611 4248 a
629 4194 693 4263 long
710 4196 806 4250 article
824 4211 860 4249 on
879 4196 926 4250 the
945 4197 1050 4266 history
1068 4197 1100 4251 of
1116 4197 1217 4266 Diving
1234 4199 1289 4253 and

139 4274 336 4342 Diving-Bells.
373 4275 453 4328 ‘The
466 4277 554 4329 oldest
566 4275 762 4344 information‚'
774 4279 810 4332 he
822 4295 890 4348 says,
904 4279 980 4332 ‘that
992 4295 1035 4334 we
1051 4280 1118 4334 bave
1136 4283 1290 4350 respecting

138 4358 186 4411 the
204 4374 252 4411 use
270 4357 304 4411 of
318 4357 367 4411 the
379 4357 538 4426 diving-bell
556 4361 583 4413 iu
597 4360 708 4429 Europe
727 4361 748 4415 is
766 4361 827 4416 that
845 4361 877 4415 of
890 4363 964 4433 John
977 4363 1112 4431 Taisnier,
1130 4364 1234 4433 quoted
1252 4365 1290 4433 by

140 4441 247 4495 Schott.
283 4440 347 4494 The
359 4440 471 4509 former,
484 4443 546 4496 who
563 4459 619 4498 was
635 4444 706 4498 born
724 4450 753 4498 at
772 4444 905 4499 Hainault
923 4446 951 4499 in
967 4463 1043 4513 1509,
1060 4447 1114 4500 bad
1132 4463 1147 4500 a
1165 4448 1242 4515 place
1260 4452 1290 4502 at

139 4529 220 4578 court
236 4523 324 4579 under
340 4524 452 4580 Charles
465 4525 499 4596 V,
511 4526 602 4582 whom
620 4526 655 4582 he
673 4527 807 4582 attended
824 4543 861 4584 on
880 4529 921 4586 his
939 4545 1043 4602 voyage
1061 4537 1091 4584 to
1103 4529 1205 4586 Africa.
1242 4531 1289 4586 He

683 4629 743 4680 00
