3220 5102
371 411 436 481 520
750 406 908 462 NOVUM
926 406 1145 462 ORGANUM.

372 570 477 634 etiarn*
496 568 528 633 in
550 567 712 634 infusione
728 569 889 634 violarum
900 567 927 609 ⁴¹
950 570 984 634 in
1007 579 1144 634 acetum·
1160 569 1290 653 experti
1311 589 1437 644 sumus;
1456 570 1496 631 ubi

372 674 479 756 primo
504 673 670 756 excipitur
696 673 804 737 suavis
829 683 862 764 et
888 673 1050 737 delicatus
1081 671 1169 736 floris
1196 674 1300 751 odor3
1334 681 1415 754 post,
1442 693 1499 754 pars

371 777 461 841 floris
485 777 589 860 magis
616 786 730 856 terrea,
757 798 841 860 quae
870 778 1007 841 odorem
1034 776 1217 841 confundit.
1273 777 1395 858 Itaque
1417 777 1441 838 si
1465 777 1500 837 in-

371 882 552 945 fundantur
573 881 679 944 violae
702 901 760 963 per
782 881 871 944 diem
894 880 1069 964 integrumu
1094 879 1176 944 odor
1201 879 1311 942 multo
1342 878 1501 961 languidius

372 985 554 1068 excipitur:
589 985 678 1068 quod
707 984 732 1046 si
760 983 974 1048 infundantur
999 1004 1058 1066 per
1087 993 1216 1065 partem
1246 992 1401 1065 quartam
1424 982 1503 1044 horae

372 1097 512 1167 tantum,
529 1099 563 1152 et
582 1087 818 1166 extrahantur3
842 1096 876 1152 et
894 1084 988 1172 (quia
1006 1107 1131 1170 paucus
1148 1098 1199 1150 est
1217 1088 1356 1168 spiritus
1373 1086 1504 1148 odoratus

372 1193 427 1274 qui
443 1193 592 1256 subsistit
608 1193 641 1255 in
656 1191 757 1276 viola)
779 1191 995 1254 infundantur
1009 1199 1085 1274 post
1106 1189 1253 1272 singulas
1274 1198 1411 1273 quartas
1426 1189 1505 1252 horae

371 1294 479 1359 violae
502 1316 607 1358 novae
630 1303 663 1358 et
687 1303 834 1359 recentes
858 1296 900 1359 ad
925 1294 1055 1373 sexies;
1078 1303 1150 1357 tum
1173 1295 1313 1358 demum
1338 1293 1505 1357 nobilitatur

372 1398 499 1477 infusio,
515 1398 561 1462 ita
576 1407 612 1462 ut
635 1397 711 1462 licet
731 1419 797 1461 non
821 1398 1002 1462 manserint
1019 1397 1135 1473 violae,
1155 1406 1326 1480 utcunque
1345 1405 1505 1465 renovatae

371 1502 446 1586 plus
471 1523 571 1586 quam
598 1503 640 1566 ad
666 1501 902 1585 sesquihoram‚
925 1511 1038 1566 tamen
1065 1502 1282 1584 permanserit
1305 1502 1391 1566 odor
1410 1502 1504 1583 gratis

371 1608 481 1685 simus,
521 1615 554 1669 et
590 1605 681 1669 viola
715 1607 786 1688 ipsa
825 1625 897 1668 non.
929 1604 1074 1684 inferior‚.
1106 1606 1149 1668 ad
1186 1625 1313 1668 annum
1353 1605 1504 1686 integrum.

371 1711 567 1774 Notandum
593 1719 711 1773 tamen·
734 1719 793 1785 est,
822 1709 911 1791 quod
942 1727 1008 1772 non
1036 1729 1072 1772 se
1098 1708 1233 1791 colligat
1259 1710 1347 1773 odor
1372 1709 1414 1772 ad
1440 1709 1505 1768 vires

370 1835 446 1877 suas
462 1812 585 1895 plenas,
601 1812 661 1876 nisi
679 1821 755 1895 post
771 1832 918 1876 mensem
932 1812 975 1874 ab
991 1811 1162 1876 infusione.
1201 1813 1240 1876 In
1255 1811 1506 1876 distillationibus

369 1938 449 1981 vero
463 1925 648 1980 aromatum
666 1925 906 1980 maceratorum
922 1916 962 1978 in.
972 1916 1086 1999 spiritu
1104 1917 1171 1979 vini
1190 1926 1283 1999 patet
1301 1918 1397 1999 quod
1414 1923 1506 1994 surgat

371 2021 478 2104 primo
502 2020 658 2103 phlegma
682 2041 830 2103 aqueum¹
849 2029 883 2084 et
906 2020 1029 2098 inutile,
1050 2021 1171 2084 deinde
1192 2042 1280 2103 aqua
1302 2021 1382 2104 plus
1403 2018 1504 2081 habens

371 2145 414 2188 ex
440 2124 555 2206 spiritu
580 2125 656 2202 vini,
679 2125 801 2189 deinde
827 2134 903 2206 post
929 2145 1017 2206 aqua
1041 2123 1116 2206 plus
1143 2124 1270 2189 habens
1297 2147 1344 2188 ex
1371 2131 1505 2187 aromate

369 2226 486 2310 Atque
511 2226 609 2309 hujus
632 2228 761 2310 generis
784 2227 1027 2310 quamplurima
1050 2228 1259 2292 inveniuntur
1282 2229 1315 2291 in
1340 2225 1504 2290 distillatio

370 2332 467 2395 nibus
482 2339 598 2395 notatu
614 2331 726 2414 digna.
770 2331 896 2395 Verum
914 2329 997 2393 haec
1012 2330 1176 2395 sufficiant
1191 2332 1234 2394 ad
1250 2331 1417 2414 exempla.

877 2520 1023 2586 XLVII.

414 2641 507 2706 Inter
527 2641 781 2724 praerogativas
810 2641 1046 2706 instantiarum
1079 2662 1242 2724 ponemus
1268 2642 1345 2706 loco
1370 2639 1503 2705 vicesimo

369 2747 468 2811 tertio
490 2747 675 2809 Instaatr'as
698 2745 832 2824 Quanta]
847 2766 929 2828 quas
953 2747 1054 2809 etiam
1076 2745 1181 2808 Dares
1201 2746 1358 2809 Naturae
1379 2743 1504 2830 (sumpto

369 2849 565 2915 vocabuloa
586 2848 775 2933 Medicinis)
793 2869 912 2913 vocare
932 2851 1161 2914 consuevimus
1171 2847 1206 2915 ⁴².
1252 2850 1325 2914 Eae
1346 2857 1421 2912 sunt
1438 2865 1503 2928 quae

370 2962 561 3018 mensurant
587 2954 725 3016 virtutes
752 2972 811 3035 per
838 2951 971 3030 Quanta
997 2973 1181 3036 corporum,
1208 2961 1242 3017 et
1269 2954 1418 3018 indicant
1442 2947 1502 3031 quid

371 3057 538 3136 Quantam
571 3055 721 3138 Corporis
753 3055 851 3120 faciat
881 3057 925 3119 ad
955 3056 1097 3120 Modum
1135 3056 1287 3121 Virtutis.
1333 3056 1389 3121 Ac
1417 3055 1502 3137 prino

369 3171 446 3225 sunt
470 3162 634 3245 quaedam
658 3161 797 3224 virtutes
824 3180 910 3242 quae
940 3181 1007 3224 non
1037 3161 1220 3225 subsistunt
1249 3161 1311 3225 nisi
1342 3162 1378 3224 in
1407 3164 1503 3242 quanto

368 3266 508 3344 cosmica,
526 3265 589 3329 hoc
606 3273 665 3342 est,
681 3265 739 3328 tali
756 3273 874 3346 qaconto
890 3265 979 3346 quod
997 3264 1121 3329 habeat
1136 3285 1332 3328 consensum
1352 3285 1426 3329 cum
1443 3279 1501 3324 con·

369 3370 564 3452 figuratione
586 3378 620 3433 et
638 3368 760 3432 fabrica
779 3369 929 3434 universi.
974 3367 1078 3432 Terra
1099 3369 1188 3432 enim
1211 3377 1298 3446 stat3
1322 3379 1431 3450 partes
1450 3363 1501 3445 ejus

370 3477 502 3539 cadunt.
535 3474 657 3556 Aquae
670 3472 703 3535 in
716 3472 860 3536 maribus
872 3472 980 3537 fluunt
992 3481 1025 3537 et
1037 3471 1178 3536 refluunt
1186 3494 1194 3550 ;
1216 3472 1250 3535 in
1262 3471 1368 3536 fluviis
1382 3471 1501 3542 minime,

404 3671 426 3704 ⁴¹
446 3674 497 3741 Cp.
511 3672 590 3741 Sylva
603 3671 751 3741 Sylvarum,
766 3671 835 3739 Exp.
849 3685 889 3735 17.

403 3754 426 3787 ⁴²
445 3755 538 3808 These
558 3755 735 3808 ‘Instantiae’
753 3769 801 3808 are
819 3754 969 3823 peculiarly
986 3753 1108 3807 valuable
1125 3753 1152 3806 in
1172 3753 1316 3808 medicine.
1354 3751 1418 3806 The
1433 3747 1500 3802 whole

368 3839 610 3906 Pharmacopoeia‚
632 3840 659 3891 in
680 3837 746 3906 fact,
768 3839 789 3891 is
810 3854 845 3891 an
868 3837 1032 3891 illustration
1052 3836 1084 3890 of
1102 3835 1188 3891 them.
1227 3838 1277 3892 See
1298 3851 1376 3889 some
1396 3850 1455 3902 very
1470 3832 1498 3882 in·

368 3923 502 3988 teresting
519 3921 645 3975 remarks
657 3937 694 3974 on
707 3921 755 3974 the
770 3922 860 3974 Doses
872 3919 905 3975 of
919 3921 1068 3976 Medicinal
1088 3921 1252 3974 substances
1270 3921 1325 3974 and
1339 3920 1387 3973 the
1405 3920 1500 3972 circum·

368 4014 476 4060 stances
494 4005 531 4074 by
548 4004 637 4058 which
656 4005 731 4058 their
749 4005 845 4059 effects
863 4023 910 4059 are
929 4005 1059 4058 modilied
1078 4005 1105 4057 in
1125 4004 1176 4058 Dr.
1190 4003 1276 4058 Paris·
1290 3999 1498 4065 Pharrnaeologir,

369 4090 417 4158 ath
431 4090 492 4156 Ed,
505 4105 550 4157 vv·
565 4090 679 4155 iss-⁶⁷,
693 4089 967 4157 andcp.pp.120-3.

405 4173 469 4227 The
486 4173 538 4226 law
556 4172 590 4225 of
604 4171 715 4225 definite
734 4173 913 4240 proportions
930 4173 958 4225 in
975 4171 1124 4240 chemistry
1142 4171 1229 4238 might
1245 4170 1280 4224 be
1298 4169 1417 4237 brought
1432 4163 1497 4220 under

368 4257 422 4313 this
442 4255 514 4311 head
532 4255 564 4309 of
580 4255 725 4321 fustances,
738 4255 855 4309 without
875 4255 957 4322 doing
976 4256 1058 4308 much
1077 4255 1201 4309 violence
1219 4261 1249 4308 to
1267 4253 1352 4320 thern,
1366 4243 1499 4318 thought

368 4357 474 4407 course,
488 4339 581 4393 Bacon
594 4339 648 4392 had
660 4337 771 4392 himself
781 4356 818 4392 no
830 4339 997 4407 conception
1009 4337 1043 4391 of
1051 4339 1082 4393 it.

405 4425 437 4476 ln
462 4421 628 4476 connection
653 4421 720 4475 with
746 4421 801 4475 this
826 4421 981 4490 Aphorism,
1007 4420 1054 4475 the
1078 4420 1191 4475 studeat
1218 4435 1282 4490 may
1306 4420 1384 4488 again
1412 4413 1496 4475 consult

369 4503 528 4557 Herschel’s
540 4504 697 4572 Discourse‚
711 4505 770 4572 dac„
784 4506 816 4572 §§
834 4507 929 4570 τις-6.
977 4543 980 4546 -
