3220 5102
600 435 681 492 am.
704 435 748 490 Jr.
770 445 824 508 44.
1224 433 1288 506 505

138 597 263 662 Verum
285 599 399 663 dehis
421 611 553 681 quoque
573 600 658 665 inter
679 599 895 665 Adminicnla
909 597 1114 664 Inductionis
1132 596 1193 660 erit
1213 615 1286 678 pro·

139 703 227 784 prius
243 704 375 768 dicendi
391 704 490 768 locus.

651 822 776 887 XLIV.

181 949 298 1031 Atque
320 951 363 1014 de
386 949 549 1014 instantiis
571 971 656 1034 quae
675 951 792 1034 juvant
814 974 956 1029 sensum,
975 952 1191 1034 jamdictum
1218 957 1288 1025 est;

140 1073 226 1136 quae
238 1055 404 1136 praecipui
418 1077 494 1119 usus
506 1065 582 1119 sunt
597 1057 640 1120 ad
651 1057 783 1120 Partem
797 1059 1060 1122 Informativam.
1093 1053 1287 1118 Informatio

142 1158 229 1218 enim
260 1159 417 1240 incipita
447 1180 554 1225 sensu.
599 1159 653 1223 At
684 1163 873 1224 universum
902 1163 1074 1244 negotium
1105 1159 1225 1224 desinit
1255 1157 1288 1219 in

144 1259 275 1342 Opera3
298 1271 399 1344 atque
423 1264 704 1343 quemadmodum
729 1264 809 1328 illud
829 1265 1034 1348 principium,
1060 1265 1107 1328 ita
1128 1262 1191 1325 hoc
1216 1261 1289 1324 finis

142 1365 187 1425 rei
204 1364 299 1428 est⁹⁶.
332 1365 521 1448 Sequentur
532 1369 643 1450 itaque
653 1369 830 1431 instantiae
841 1368 1008 1450 praecipui
1020 1389 1098 1430 usus
1108 1368 1150 1430 ad
1159 1375 1290 1446 partem

141 1467 347 1546 operativum.
405 1470 476 1534 Eae
498 1489 618 1552 genere
641 1471 726 1534 duae
753 1481 838 1548 sunt,
861 1491 997 1533 numero
1023 1479 1173 1551 septem;
1207 1489 1290 1551 quas

141 1571 313 1651 universas,
330 1574 474 1655 generali
490 1575 632 1656 nomine,
646 1574 830 1638 Instantius
840 1576 1012 1638 Practicas
1031 1573 1197 1658 appellare
1213 1592 1290 1636 con-

141 1675 313 1739 suevimus.
372 1677 564 1758 Operatione
589 1688 701 1743 autem
719 1679 838 1762 partas,
862 1679 942 1743 vitia
967 1680 1053 1756 du03
1086 1677 1292 1758 totidemque

142 1779 320 1861 dignitates
331 1781 357 1819 ⁹⁶
373 1783 602 1847 instantiarum
619 1784 651 1846 in
667 1804 796 1866 genere.
840 1783 913 1848 Aut
930 1786 1017 1847 enim
1030 1783 1114 1846 fallit
1133 1782 1291 1863 operatio

142 1892 199 1946 aut
225 1895 340 1950 onerat
365 1887 472 1951 nimis.
518 1888 617 1952 Fallit
642 1891 791 1971 operatio
816 1889 964 1952 maxime
987 1883 1193 1974 (praesertim
1217 1896 1292 1968 post

142 1987 335 2070 diligentem
370 2001 559 2057 naturarum
593 1991 852 2080 inquisitionem)
886 2001 1022 2076 propter
1059 1991 1146 2055 male
1183 1990 1291 2053 deter-

145 2093 286 2157 minatas
309 2105 342 2158 et
373 2105 580 2161 mensuratas
610 2118 783 2179 corporum
806 2099 892 2160 vires
923 2107 957 2162 et
986 2096 1141 2160 actiones.
1196 2095 1293 2158 Vires

144 2205 256 2258 autem
273 2207 306 2261 et
324 2200 470 2263 actiones
486 2220 659 2283 corporum
675 2200 981 2265 circumscribuntur
1000 2209 1033 2263 et
1053 2206 1292 2273 mensurantur,

145 2310 202 2363 aut
217 2321 276 2383 per
289 2304 396 2385 spatia
412 2303 484 2382 loci,
493 2314 552 2368 aut
563 2326 621 2386 per
636 2314 805 2369 momenta
820 2305 986 2386 temporis,
998 2313 1055 2367 aut
1067 2325 1126 2386 per
1138 2305 1292 2366 unionem

145 2407 268 2486 quanti,
285 2417 343 2470 aut
358 2428 417 2491 per
432 2409 752 2490 praedominantiam
770 2411 900 2472 virtutis
910 2409 954 2482 ⁹⁷3
977 2429 1061 2490 quae
1076 2417 1218 2490 quatuor
1233 2406 1293 2470 nisi

146 2506 266 2573 fuerint
288 2510 390 2594 probe
413 2523 447 2576 et
469 2513 642 2596 diligenter
663 2514 838 2596 pensitam,
859 2522 953 2578 erunt
977 2512 1115 2575 sortasse
1138 2511 1295 2575 scientiae

147 2615 371 2694 speculatione
386 2618 520 2700 quidem
537 2617 700 2700 pulchrae,
711 2619 768 2682 sed
785 2638 884 2701 opere
901 2617 1069 2680 inactivae.
1116 2615 1295 2678 Instantias

145 2737 223 2781 vero
235 2729 376 2801 quatuor
387 2723 510 2800 itidem,
521 2744 606 2805 quae
618 2722 680 2787 huc
693 2723 883 2800 reseruntur,
892 2741 959 2784 uno
971 2719 1104 2783 nomine
1113 2718 1296 2782 Instantias

146 2821 400 2888 Mathematicas
413 2848 579 2905 vocamus,
598 2837 632 2892 et
645 2827 830 2890 Instantias
843 2826 1030 2889 Mensurae.

192 2925 341 2992 Onerosa
363 2939 474 2992 autem
497 2930 535 2994 fit
557 2931 678 3013 praxis,
700 2930 754 2993 vel
772 2939 905 3013 propter
925 2928 1096 2991 misturam
1119 2945 1226 2988 rerum
1248 2924 1296 2988 in·

147 3028 285 3107 utilium,
314 3031 366 3096 vel
396 3042 532 3117 propter
567 3034 876 3116 multiplicationem
914 3034 1213 3106 instrumentorum,
1243 3028 1296 3092 vel

147 3143 283 3214 propter
307 3135 427 3198 molem
451 3139 608 3201 materiae
630 3148 663 3203 et
686 3157 861 3219 corporum
880 3156 966 3218 quae
988 3136 1030 3199 ad
1054 3133 1189 3217 aliquod
1212 3153 1295 3215 opus

145 3388 252 3442 course,
266 3374 345 3428 there
358 3391 405 3428 are
417 3375 500 3428 limits
511 3381 543 3428 to
555 3377 691 3442 magnetic
704 3373 855 3440 induction,
869 3373 923 3428 and
934 3374 982 3428 the
996 3375 1046 3428 last
1059 3374 1136 3443 piece
1149 3373 1181 3427 of
1195 3375 1255 3427 irou
1268 3375 1295 3428 in

146 3456 195 3510 the
213 3458 305 3526 series,
324 3459 406 3526 being
427 3459 501 3512 itsell
520 3475 550 3513 so
568 3458 659 3528 seebly
677 3459 847 3526 magnetised
866 3475 895 3512 as
913 3465 944 3511 to
962 3459 997 3511 be
1015 3458 1115 3512 unable
1133 3464 1164 3511 to
1182 3465 1297 3526 support

146 3542 271 3609 another,
284 3542 375 3596 would
386 3541 490 3596 furnish
503 3560 536 3596 an
550 3543 674 3611 example
687 3542 719 3596 of
728 3542 801 3595 what
813 3542 906 3596 Bacon
920 3559 1022 3596 means.
1052 3541 1147 3606 What,
1160 3541 1297 3607 however,

147 3624 182 3677 he
201 3641 279 3679 more
296 3625 429 3695 probably
446 3626 495 3680 has
513 3627 540 3679 in
558 3627 625 3680 view
638 3627 660 3680 is
678 3626 727 3679 the
743 3627 797 3678 still
815 3642 893 3678 more
910 3641 1039 3679 common
1057 3641 1127 3690 case,
1139 3624 1231 3676 where
1249 3622 1296 3677 the

148 3707 206 3762 first
224 3709 301 3776 piece
323 3709 356 3762 of
372 3711 432 3763 iron
452 3711 479 3762 iu
498 3715 611 3763 contact
629 3709 696 3762 with
713 3709 762 3763 the
784 3710 936 3775 magnetis
955 3707 1054 3761 unable
1072 3714 1103 3759 to
1123 3707 1224 3760 sustain
1245 3722 1297 3774 any

147 3791 257 3859 weight,
271 3793 361 3846 either
372 3791 444 3846 from
456 3793 538 3859 being
551 3792 625 3846 itsell
635 3793 667 3847 of
676 3807 752 3844 some
764 3792 829 3858 size,
842 3809 875 3845 or
891 3791 963 3846 from
982 3791 1030 3843 the
1048 3788 1137 3844 feeble
1155 3805 1250 3859 power
1268 3789 1301 3843 of

145 3874 193 3928 the
206 3881 325 3944 magnet,
337 3893 370 3930 or
382 3876 454 3932 from
467 3893 483 3930 a
495 3876 681 3930 combination
693 3874 726 3928 os
735 3874 804 3929 both
817 3875 895 3928 these
907 3875 1128 3928 circumstances.

184 3956 206 3990 ⁹⁶
224 3961 276 4028 Cp.
288 3959 306 4013 i.
320 3976 335 4024 7
340 3977 364 4028 3,
378 3966 420 4028 81,
434 3961 460 4016 ii.
476 3977 488 4026 3
503 3959 539 4014 ad
550 3959 605 4026 fin,
618 3960 672 4013 and
690 3959 737 4012 the
756 3974 905 4012 numerous
922 3959 1005 4012 other
1022 3973 1146 4026 passages
1164 3957 1191 4010 in
1208 3957 1298 4010 which

146 4042 200 4095 this
212 4043 274 4096 idea
285 4059 391 4098 occurs.

184 4123 207 4156 '⁶
225 4125 295 4179 This
313 4128 390 4181 word
409 4143 464 4182 was
482 4127 549 4181 used
567 4127 594 4179 in
613 4126 661 4180 the
680 4125 727 4179 old
743 4125 830 4192 Loglc
848 4125 917 4178 both
934 4123 978 4177 sor
996 4125 1100 4178 axioms
1116 4124 1256 4194 (properly
1268 4141 1300 4178 so

149 4209 248 4278 called)
262 4210 316 4263 and
329 4210 374 4264 for
389 4213 581 4280 propositione.
620 4213 671 4263 See
685 4209 829 4263 Hamilton
847 4225 883 4262 on
898 4207 977 4274 Reid,
989 4223 1016 4275 p.
1031 4211 1091 4272 766.
1129 4208 1192 4272 But,
1206 4209 1232 4260 in
1245 4209 1299 4262 this

149 4293 236 4362 place,
249 4294 329 4347 there
342 4296 363 4348 is
377 4311 413 4348 no
430 4296 518 4349 doubt
534 4296 595 4348 that
611 4294 660 4348 the
673 4293 750 4348 word
764 4292 982 4361 ‘prerogatives,’
995 4291 1115 4360 adopted
1127 4292 1153 4344 in
1168 4292 1233 4344 Ellis
1245 4291 1299 4345 and

151 4377 311 4445 Spedding's
325 4377 509 4444 Translation,
523 4379 544 4430 is
556 4379 605 4431 the
617 4383 681 4431 true
693 4377 858 4446 equivalent.
896 4377 947 4444 Cp.
959 4376 1013 4429 end
1025 4374 1058 4428 ol
1066 4375 1120 4428 this
1133 4376 1287 4444 Aphorism.

185 4457 208 4491 ’i
226 4460 290 4515 The
303 4461 430 4530 meantug
442 4462 474 4516 of
483 4463 537 4518 this
550 4462 603 4518 aud
620 4461 667 4518 the
680 4462 731 4517 last
745 4460 843 4530 phrase
855 4459 909 4515 will
926 4461 960 4514 be
979 4459 1061 4527 clear,
1073 4460 1152 4514 when
1165 4475 1207 4514 we
1219 4476 1299 4516 corne

147 4549 180 4610 i⁰
193 4545 276 4616 Alb·
290 4559 333 4614 47,
347 4550 390 4614 4⁸·
