3306 5102
308 407 374 474 430
688 394 846 450 NOVUM
867 393 1084 450 ORGANUM.

356 561 442 625 Item
458 561 575 624 dentes
591 557 623 624 in
645 558 843 624 animalibus
860 561 1076 639 terrestribus,
1092 570 1125 624 et
1149 570 1254 630 rostra
1276 561 1309 626 in
1332 559 1459 635 avibus,

311 673 388 728 sunt
411 665 586 728 instantiae
604 663 784 744 conformes
792 686 807 738 ,·
831 664 920 731 unde
943 663 1153 730 manifestum
1177 675 1236 742 est,
1253 665 1287 729 in
1309 665 1466 730 omnibus

311 767 509 832 animalibus
545 767 699 850 perlectis
737 767 836 831 fluere
874 769 990 832 duram
1033 771 1201 851 quandam
1242 769 1465 834 substantiam

312 892 426 937 versus
442 893 489 935 os.

358 976 443 1038 Item
471 995 536 1038 non
566 973 709 1039 absurda
739 984 789 1040 est
819 974 1001 1039 similitudo
1031 984 1064 1038 et
1095 974 1307 1040 conformitas
1338 975 1400 1052 illa,
1426 983 1465 1037 ut

312 1079 415 1144 homo
447 1079 490 1142 sit
519 1087 678 1161 tanquam
708 1079 822 1161 planta
852 1080 991 1144 inversa.
1042 1081 1133 1144 Nam
1164 1082 1260 1148 radix
1290 1099 1464 1144 nervorum

313 1191 347 1246 et
369 1182 565 1246 facultatum
588 1183 782 1247 animalium
805 1193 855 1247 est
878 1193 996 1266 caput3
1020 1194 1130 1265 partes
1152 1192 1264 1246 autern
1288 1183 1466 1246 seminales

313 1295 388 1349 sunt
419 1285 560 1364 infimae,
592 1306 659 1350 non
697 1288 897 1368 computatis
934 1286 1203 1352 extremitatibus
1241 1287 1396 1351 tibiarum
1430 1297 1465 1350 et

312 1389 528 1454 brachiorum.
583 1389 633 1452 At
659 1391 693 1453 in
720 1390 843 1473 planta,
872 1392 967 1455 radix
994 1388 1094 1474 (quae
1120 1391 1223 1454 instar
1251 1391 1368 1472 capitis
1399 1387 1466 1472 est)

313 1495 505 1578 regulariter
520 1493 632 1558 infimo
648 1494 721 1558 loco
737 1494 935 1573 collocatur3
959 1495 1084 1560 semina
1099 1503 1212 1558 autem
1228 1514 1391 1576 supremo.

359 1600 513 1680 Denique
528 1598 608 1661 illud
624 1599 759 1662 omnino
775 1599 1042 1683 praecipiendum
1062 1607 1111 1662 est
1128 1609 1162 1662 et
1178 1599 1309 1680 saepius
1329 1617 1466 1663 monen-

315 1705 416 1782 dum;
441 1713 476 1766 ut
492 1702 661 1783 diligentia
677 1702 849 1766 hominum
864 1704 898 1766 in
913 1704 1123 1786 inquisitione
1139 1712 1172 1766 et
1191 1701 1342 1783 congerie
1358 1702 1468 1765 Natu·

314 1807 389 1870 ralis
400 1807 567 1870 Historiae
577 1807 731 1889 deinceps
742 1815 887 1870 mutetur
898 1806 1004 1889 plane,
1018 1817 1051 1870 et
1062 1807 1249 1870 vertaturin
1266 1805 1466 1869 contrarium

315 1909 386 1991 ejus
401 1910 489 1992 quod
507 1929 591 1972 nunc
607 1909 640 1970 in
657 1930 716 1972 usu
733 1920 793 1973 est.
834 1910 959 1993 Magna
975 1910 1062 1974 enim
1078 1909 1248 1990 hucusque
1263 1917 1364 1990 atque
1378 1909 1466 1970 adeo

316 2014 444 2078 curiosa
467 2013 528 2076 luit
551 2012 724 2076 hominum
750 2014 911 2078 industria
938 2015 971 2077 in
997 2015 1143 2078 notanda
1170 2032 1277 2076 rerum
1303 2013 1466 2074 varietate

315 2127 416 2200 atque
431 2116 636 2200 explicandis
651 2119 811 2181 accuratis
831 2117 1033 2193 animalium,
1048 2117 1232 2192 herbarum,
1250 2124 1283 2179 et
1304 2113 1469 2184 fossilium

315 2220 526 2298 differentiis3
550 2240 689 2302 quarum
706 2221 882 2304 pleraeque
898 2223 1003 2305 magis
1014 2230 1090 2288 sunt
1106 2220 1195 2284 lusus
1211 2229 1348 2290 naturae
1362 2237 1466 2300 quam

314 2326 417 2389 seriae
431 2322 569 2405 alicujus
586 2323 736 2389 utilitatis
750 2345 863 2388 versus
881 2326 1043 2390 scientias
1088 2325 1227 2389 Faciunt
1245 2332 1332 2387 certe
1351 2321 1472 2402 hujus·-

316 2429 405 2491 modi
420 2447 471 2490 res
483 2428 525 2490 ad
537 2427 802 2503 delectationem,
819 2437 920 2510 atque
932 2428 1033 2492 etiam
1049 2429 1248 2510 quandoque
1263 2427 1305 2490 ad
1322 2425 1442 2508 praxin
1455 2447 1464 2500 3

314 2551 429 2596 verum
447 2532 490 2594 ad
513 2531 802 2614 introspiciendam
822 2541 974 2595 naturam
998 2553 1113 2614 parum
1131 2541 1190 2597 aut
1209 2529 1298 2595 nihil.
1344 2528 1465 2610 ltaque

314 2636 535 2700 convertenda
551 2634 649 2716 plane
665 2645 714 2699 est
729 2657 830 2718 opera
842 2638 883 2701 ad
901 2637 1109 2719 inquirendas
1125 2645 1158 2700 et
1174 2637 1337 2701 notandas
1353 2651 1464 2696 rerum

314 2740 545 2806 similitudines
568 2747 601 2802 et
623 2737 774 2820 analoga,
794 2748 864 2802 tam
888 2740 921 2802 in
944 2740 1155 2822 integralibus
1178 2759 1278 2821 quam
1301 2737 1464 2820 partibus.

315 2844 396 2907 Illae
412 2844 500 2906 enim
516 2852 591 2907 sunt
608 2863 692 2926 quae
716 2851 866 2907 naturam
887 2845 1014 2918 uniunt,
1032 2852 1065 2906 et
1087 2844 1286 2907 constituere
1308 2840 1464 2905 scientias

313 2947 472 3028 incipiunt
482 2944 518 3010 ⁸⁹.

354 3050 479 3112 Verum
495 3049 528 3111 in
543 3048 594 3112 his
610 3048 746 3112 omnino
762 3059 812 3113 est
826 3050 1016 3116 adhibenda
1032 3051 1141 3116 cautio
1156 3051 1264 3134 gravis
1279 3057 1313 3112 et
1329 3067 1464 3125 severa;

312 3162 348 3216 ut
363 3152 565 3233 accipiantur
579 3173 638 3232 pro
655 3153 824 3217 instantiis
837 3153 1056 3235 conformibus
1070 3166 1104 3219 et
1111 3153 1365 3237 proportionatae
1376 3152 1462 3228 illae,

312 3276 398 3339 quae
420 3257 580 3321 denotant
603 3256 832 3320 similitudines
856 3254 907 3343 (ut
928 3259 972 3321 ab
991 3258 1084 3322 initio
1107 3255 1267 3344 diximus)
1285 3256 1460 3339 physicas;

314 3360 347 3423 id
364 3369 424 3434 est,
442 3357 546 3421 reales
561 3367 595 3421 et
611 3359 843 3424 substantiales
867 3369 901 3424 et
922 3361 1093 3424 immersas
1114 3363 1147 3424 in
1166 3371 1291 3440 natura,
1307 3380 1373 3423 non
1395 3360 1462 3422 ior·

311 3463 413 3528 tuitas
429 3471 463 3524 et
478 3462 520 3524 ad
537 3461 699 3543 speciem;
732 3463 835 3526 multo
852 3465 959 3526 minus
973 3465 1215 3548 superstitiosas
1233 3474 1291 3528 aut
1309 3465 1462 3542 curiosas,

313 3567 426 3651 quales
443 3566 599 3628 naturalis
615 3567 745 3650 magiae
767 3568 940 3651 scriptores
949 3567 976 3605 ⁹⁰
998 3566 1162 3652 (homines
1183 3568 1348 3646 levissimi,
1370 3576 1404 3632 et
1427 3568 1461 3630 in

311 3672 408 3738 rebus
426 3681 496 3734 tam
519 3670 609 3735 seriis
629 3672 744 3751 quales
768 3692 854 3736 nunc
877 3673 1006 3754 agimus
1028 3673 1086 3736 vix
1109 3670 1315 3758 nominandi)
1339 3670 1463 3753 ubique

311 3784 499 3851 ostentant;
524 3794 645 3854 magna
668 3794 742 3838 cum
762 3776 910 3839 vanitate
933 3784 966 3839 et
989 3777 1193 3860 desipientia,
1212 3777 1326 3840 inanes
1347 3773 1462 3838 simili-

348 4081 369 4114 θ’
387 4082 480 4137 These
500 4082 622 4138 remarks
640 4099 687 4137 are
705 4083 800 4151 hardly
820 4082 928 4153 worthy
946 4082 978 4138 of
994 4083 1111 4138 Bacon’s
1128 4084 1311 4152 penetration.
1349 4081 1396 4136 To
1414 4081 1464 4136 the

312 4166 458 4221 successful
479 4168 667 4234 investigation
691 4166 725 4220 of
745 4168 853 4222 sciense
875 4168 896 4220 it
920 4168 942 4220 is
962 4167 1039 4236 quite
1064 4183 1093 4222 as
1117 4166 1243 4222 essential
1267 4175 1298 4220 to
1322 4172 1389 4220 note
1412 4166 1464 4220 the

312 4251 473 4305 differences
486 4268 514 4304 as
527 4252 574 4304 the
587 4250 787 4304 resemblances
799 4250 831 4304 of
841 4250 938 4318 things.
971 4249 1024 4302 His
1035 4255 1159 4303 contrast
1172 4249 1203 4302 of
1213 4249 1260 4302 the
1272 4256 1329 4304 two
1341 4249 1464 4318 opposed

312 4334 415 4388 mental
428 4339 506 4402 types
519 4335 546 4388 in
559 4335 575 4389 i.
591 4352 604 4400 5
608 4353 622 4400 5
638 4335 659 4388 is
671 4334 712 4387 iar
721 4336 809 4403 justes
822 4334 875 4386 and
888 4332 1008 4388 sounder
1020 4333 1086 4386 than
1099 4334 1154 4387 this
1166 4331 1326 4402 paragraph.

348 4414 371 4446 ⁰⁰
389 4417 440 4483 Cp.
460 4416 504 4470 De
526 4417 696 4486 hugmentis
716 4417 752 4472 ili.
773 4435 797 4482 5,
818 4417 872 4470 and
894 4416 992 4469 Aditus
1010 4417 1045 4470 ad
1066 4417 1219 4470 Historiam
1239 4414 1414 4486 sympathiae
1434 4419 1466 4469 et

312 4499 487 4569 Antipathiae
502 4499 606 4553 Rerum
620 4499 664 4570 (E.
677 4501 731 4554 and
745 4502 780 4570 S.‚
794 4501 845 4556 vol.
858 4499 885 4555 ii.
897 4515 924 4569 p.
938 4497 994 4569 81).
