3308 5106
315 411 376 480 162
762 421 1016 480 PRAEFATIO.

311 585 490 652 foelicitate
501 586 644 668 fortuita,
657 587 899 672 desperandum
916 597 975 652 est.
1020 587 1141 670 Neque
1156 585 1243 652 enim
1258 587 1465 670 ingeniorum

313 702 568 775 quantacunque
591 694 797 772 excellentia,
817 714 924 776 neque
951 693 1142 775 experiendi
1169 693 1241 756 alea
1263 694 1393 775 saepius
1415 714 1465 756 re·

312 796 425 876 petita,
435 795 497 858 ista
509 796 638 860 vincere
650 807 760 880 queat.
796 797 947 879 Vestigia
960 796 1015 860 filo
1028 795 1172 879 regenda
1183 806 1275 860 sunt:
1291 797 1465 878 omnisque

312 899 373 974 via,
390 919 493 979 usque
508 919 528 962 a
544 900 657 980 primis
675 901 754 982 ipsis
771 919 927 964 sensuum
944 899 1218 981 perceptionibus,
1234 909 1324 962 certa
1338 900 1464 962 ratione

312 1002 499 1065 munienda.
541 1003 660 1085 Neque
675 1003 757 1068 haec
773 1005 819 1067 ita
834 1004 1025 1086 accipienda
1040 1011 1125 1081 sunt,
1137 1023 1175 1066 ac
1191 1004 1217 1065 si
1234 1002 1314 1065 nihil
1329 1004 1465 1066 omnino

310 1113 361 1168 tot
383 1105 529 1180 saeculis,
549 1107 649 1169 tantis
672 1106 847 1184 laboribus,
865 1116 977 1170 actum
1000 1106 1051 1168 sit.
1097 1105 1216 1187 Neque
1239 1107 1326 1168 enim
1350 1125 1463 1168 eorum

312 1229 398 1292 quae
420 1209 555 1274 inventa
576 1221 654 1275 sunt
680 1233 740 1277 nos
765 1213 922 1296 poenitet.
966 1210 1082 1294 Atque
1104 1211 1231 1294 antiqui
1254 1220 1349 1288 certe,
1370 1211 1403 1274 in
1425 1211 1465 1274 iis

311 1328 395 1394 quae
414 1313 446 1375 in
462 1313 593 1395 ingenio
609 1324 642 1379 et
659 1317 873 1381 meditatione
891 1315 1057 1379 abstracta
1075 1315 1182 1397 posita
1198 1323 1283 1392 sunt,
1299 1314 1464 1378 mirabiles

311 1437 347 1480 se
362 1418 447 1480 viros
463 1419 663 1499 praestitere.
707 1422 831 1485 Verum
845 1418 1126 1504 quemadmodum
1142 1419 1279 1490 saeculis
1295 1419 1464 1501 prioribus,

311 1540 387 1586 cum
401 1520 552 1585 homines
567 1523 600 1586 in
617 1525 803 1607 navigando
815 1546 873 1607 per
888 1522 1056 1587 stellarum
1072 1531 1202 1585 tantum
1219 1523 1464 1587 observationes

311 1643 443 1688 cursum
460 1625 655 1706 dirigebant,
670 1629 790 1692 veteris
807 1649 887 1692 sane
902 1627 1100 1692 continentis
1122 1645 1196 1688 oras
1218 1626 1326 1710 legere
1349 1634 1464 1709 potue-

312 1735 397 1804 runt,
427 1735 485 1789 aut
516 1729 618 1792 maria
651 1731 762 1813 aliqua
797 1734 923 1797 minora
955 1738 989 1794 et
1018 1729 1256 1794 mediterranea
1291 1730 1463 1811 trajicere;

312 1829 502 1910 priusquam
525 1839 636 1894 autem
659 1854 802 1898 oceanus
824 1833 1028 1915 trajiceretur
1045 1841 1079 1895 et
1103 1833 1178 1895 novi
1204 1833 1293 1896 orbis
1315 1834 1464 1914 regiones

313 1932 552 2013 detegerentur,
571 1952 705 2000 necesse
728 1936 790 2002 luit
812 1958 909 2001 usum
928 1955 1005 2000 acus
1028 1935 1188 2012 nauticae,
1204 1944 1240 1998 ut
1258 1936 1377 1999 ducem
1392 1935 1464 1998 viae

313 2036 419 2115 magis
435 2034 538 2098 fidum
555 2046 738 2118 etcertum,
754 2041 954 2106 innotuisse:
970 2039 1067 2102 simili
1083 2058 1214 2120 prorsus
1230 2041 1365 2116 ratione,
1380 2059 1465 2122 quae

312 2139 482 2219 hucusque
509 2139 542 2202 in
568 2142 692 2206 artibus
717 2154 750 2207 et
777 2145 921 2208 scientiis
944 2144 1078 2205 inventa
1100 2151 1186 2218 sunt,
1210 2162 1250 2205 ea
1274 2141 1464 2223 hujusmodi

313 2250 390 2309 sunt
413 2251 449 2305 ut
471 2262 540 2321 usu,
563 2245 786 2326 meditatione,
809 2245 1023 2322 observando,
1042 2246 1314 2326 argumentando,
1333 2245 1464 2327 reperiri

312 2345 499 2427 potuerint;
522 2354 639 2428 utpote
657 2369 742 2432 quae
760 2351 909 2414 sensibus
928 2349 1080 2431 propiora
1098 2348 1164 2411 sint
1184 2357 1217 2410 et
1236 2348 1464 2411 communibus

313 2447 501 2511 notionibus
524 2448 591 2511 sere
615 2451 826 2532 subjaceant3
860 2462 1038 2533 antequam
1062 2470 1140 2512 vero
1162 2451 1205 2513 ad
1233 2451 1409 2514 remotiora
1430 2459 1465 2514 et

312 2551 491 2616 occultiora
520 2561 657 2616 naturae
687 2554 784 2618 liceat
813 2555 986 2637 appellere,
1013 2553 1196 2616 necessario
1226 2553 1406 2636 requiriturv
1429 2561 1466 2616 ut

314 2657 430 2722 melior
459 2667 493 2721 et
522 2657 695 2739 perfectior
725 2660 846 2723 mentis
875 2668 909 2722 et
941 2656 1128 2721 intellectus
1157 2656 1293 2720 humani
1324 2677 1401 2720 usus
1431 2665 1466 2720 et

312 2762 503 2843 adoperatio
519 2763 751 2826 introducatur.

357 2864 429 2928 Nos
445 2873 541 2942 certe,
559 2875 693 2928 aeterno
708 2865 854 2929 veritatis
869 2883 982 2928 amore
998 2862 1128 2940 devicti,
1142 2861 1268 2926 viarum
1284 2859 1415 2924 incertis
1431 2869 1465 2925 et

313 2967 423 3032 arduis
439 2977 472 3030 et
488 2968 719 3030 solitudinibus
735 2988 794 3032 nos
809 2967 1053 3045 commisimus;
1077 2977 1111 3030 et
1123 2966 1234 3029 divino
1249 2963 1375 3027 auxilio
1390 2963 1465 3027 freti

313 3078 348 3132 et
370 3069 483 3145 innixi,
500 3079 645 3132 mentem
669 3079 815 3133 nostram
835 3079 868 3133 et
885 3079 999 3134 contra
1021 3069 1213 3151 opinionum
1235 3067 1408 3130 violentias
1430 3077 1466 3130 et

313 3170 408 3252 quasi
431 3171 604 3235 instructas
627 3173 721 3250 acies,
741 3181 774 3236 et
797 3181 911 3236 contra
934 3173 1082 3254 proprias
1104 3179 1138 3234 et
1160 3171 1304 3234 internas
1322 3170 1465 3234 haesita·

312 3274 420 3336 tiones
450 3283 483 3335 et
509 3273 687 3354 scrupulos,
712 3282 745 3338 et
775 3283 890 3339 contra
915 3295 1023 3338 rerum
1053 3273 1209 3356 caligines
1235 3282 1269 3336 et
1294 3272 1399 3336 nubes
1430 3282 1466 3337 et

313 3377 533 3457 undequaque
543 3375 692 3438 volantes
703 3377 902 3459 phantasias,
912 3377 1143 3454 sustinuimus3
1163 3385 1200 3439 ut
1211 3377 1347 3438 tandem
1361 3376 1466 3457 magis

312 3477 380 3542 fida
398 3487 431 3541 et
449 3498 563 3542 secura
585 3477 704 3543 indicia
720 3479 905 3543 viventibus
928 3489 961 3542 et
981 3480 1121 3560 posteris
1144 3498 1334 3560 comparare
1353 3498 1466 3560 posse-

313 3599 396 3644 mus.
442 3579 517 3662 Qua
533 3582 565 3643 in
581 3602 615 3644 re
630 3583 656 3645 si
672 3583 752 3665 quid
765 3583 1005 3665 profecerimus,
1017 3603 1083 3646 non
1095 3582 1160 3646 alia
1176 3601 1254 3646 sane
1270 3582 1352 3645 ratio
1369 3581 1465 3645 nobis

312 3685 400 3747 viam
415 3685 541 3766 aperuit
554 3704 652 3767 quarn
665 3707 742 3750 vera
759 3696 792 3750 et
808 3686 956 3769 legitima
970 3687 1103 3768 spiritus
1118 3686 1253 3749 humani
1270 3683 1465 3748 humiliatio.

314 3787 439 3852 Omnes
451 3789 537 3850 enim
551 3796 628 3851 ante
640 3809 709 3866 nos,
719 3789 774 3870 qui
790 3790 833 3852 ad
850 3799 937 3851 artes
949 3789 1162 3852 inveniendas
1177 3809 1213 3852 se
1228 3788 1465 3878 applicuerpnt,

312 3890 468 3970 conjectis
491 3890 657 3972 paulisper
679 3891 712 3953 in
736 3912 786 3954 res
805 3901 840 3954 et
864 3890 1019 3973 exempla
1038 3900 1072 3954 et
1091 3892 1330 3973 experientiam
1352 3890 1466 3966 oculis,

312 3995 432 4070 statim,
448 3994 540 4074 quasi
562 3994 709 4057 inventio
729 3994 773 4058 nil
790 3993 878 4057 aliud
897 4004 983 4058 esset
998 4015 1098 4076 quam
1115 3995 1278 4076 quaedam
1295 3995 1467 4075 excogita-

312 4095 367 4173 tio,
387 4095 518 4176 spiritus
537 4098 686 4177 proprios
709 4107 745 4160 ut
768 4097 829 4160 sibi
851 4097 983 4161 oracula
1004 4097 1199 4161 exhiberent
1217 4097 1468 4179 quodammodo

313 4198 512 4261 invocarunt.
567 4199 638 4262 Nos
659 4221 737 4264 vero
761 4201 846 4264 inter
868 4221 918 4264 res
938 4209 1028 4264 caste
1051 4210 1084 4263 et
1108 4212 1266 4284 perpetuo
1288 4209 1466 4274 versantes,

313 4300 515 4363 intellectum
540 4300 670 4384 longius
690 4323 710 4366 a
733 4304 830 4366 rebus
854 4324 918 4366 non
942 4302 1163 4368 abstrahimus
1179 4326 1278 4387 quarn
1297 4314 1335 4368 ut
1357 4322 1466 4367 rerum

313 4401 472 4482 imagines
496 4412 529 4465 et
552 4406 632 4467 radii
654 4403 706 4489 (ut
729 4406 761 4469 in
784 4427 883 4470 sensu
906 4405 958 4491 fit)
976 4409 1063 4472 coire
1085 4409 1233 4491 possint;
1256 4408 1344 4472 unde
1363 4407 1409 4485 fit,
1428 4417 1469 4472 ut

313 4505 434 4584 ingenii
449 4505 571 4570 viribus
587 4517 620 4572 et
635 4509 853 4574 excellentiae
868 4531 933 4575 non
950 4511 1090 4576 multum
1107 4513 1316 4605 relinquatur.
1348 4510 1468 4593 Atque
