3220 5102
633 425 713 484 ΠΒ.
737 427 781 487 ΙΙ.
802 434 855 506 45.
1258 425 1321 498 507

168 585 377 666 Perlatt'anis,
389 590 441 656 vel
452 587 491 655 de
501 591 579 656 Non
597 592 694 658 Ultra
708 593 875 678 appellare
891 589 1128 658 consuevimus,
1171 589 1319 654 Virtutes

169 696 256 758 enim
273 716 381 760 rerum
397 707 430 760 et
446 707 555 762 motus
570 709 747 780 operantur
761 708 796 763 et
816 698 1040 782 expediuntur
1055 717 1114 780 per
1128 695 1236 778 spatia
1253 712 1319 756 non

168 796 339 864 indefinita
357 809 416 864 aut
435 800 578 876 fortuita,
595 803 652 865 sed
674 803 767 866 linita
787 811 820 867 et
838 813 947 880 certa;
971 822 1056 884 quae
1076 801 1163 864 utin
1182 797 1318 880 singulis

169 904 293 967 naturis
323 903 485 986 inquisitis
515 912 689 969 teneantur
722 915 756 970 et
789 915 943 970 notentur
971 906 1147 988 plurimum
1182 905 1318 967 interest

168 1007 340 1086 practicae,
356 1027 422 1070 non
437 1008 545 1071 solum
560 1010 603 1072 ad
618 1010 689 1086 hoe,
706 1019 742 1072 ut
759 1030 825 1073 non
839 1009 942 1088 sallat,
957 1012 1016 1073 sed
1032 1011 1132 1074 etiarn
1155 1018 1191 1073 ut
1211 1005 1317 1089 magis

166 1110 208 1173 sit
224 1120 321 1174 aucta
333 1120 365 1175 et
377 1120 504 1193 potens.
550 1113 685 1176 Etenim
695 1113 859 1177 interdurn
873 1113 1316 1195 daturvirtutesproducere,

162 1221 196 1276 et
210 1213 384 1278 distantias
398 1223 557 1297 tanquam
573 1215 736 1280 retrahere
753 1217 786 1279 in
800 1218 954 1299 propius;
976 1227 1012 1281 ut
1027 1217 1061 1280 in
1077 1214 1288 1299 perspecillis.

211 1316 327 1400 Atque
346 1318 505 1400 plurimae
523 1320 659 1384 virtutes
682 1330 861 1404 operantur
879 1329 913 1384 et
934 1321 1081 1384 afficiunt
1104 1327 1234 1383 tantum
1258 1337 1317 1400 per

168 1429 295 1484 tactum
327 1422 558 1502 manifestum3
595 1434 632 1489 ut
662 1424 699 1488 nt
730 1424 763 1487 in
801 1423 1010 1507 percussione
1047 1443 1229 1505 corporum,
1260 1424 1314 1486 ubi

167 1523 308 1588 alterum
339 1547 405 1590 non
435 1539 623 1592 summovet
652 1527 802 1606 alterum,
832 1527 893 1591 nisi
927 1526 1099 1609 impellens
1136 1525 1315 1608 impulsum

166 1636 291 1711 tangat.
349 1629 462 1695 Etiam
500 1632 683 1696 medicinae
720 1653 805 1715 quae
843 1631 989 1696 exterius
1026 1630 1242 1713 applicantur,
1280 1639 1316 1694 ut

166 1743 342 1816 unguenta,
357 1736 542 1819 emplastra,
561 1757 627 1799 non
646 1745 802 1800 exercent
822 1735 906 1799 vires
927 1751 1003 1800 suas
1026 1735 1087 1798 nisi
1110 1754 1169 1817 per
1188 1742 1315 1798 tactum

167 1838 321 1919 corporis.
379 1839 531 1921 Denique
560 1838 693 1920 objecta
718 1859 873 1902 sensuum
900 1848 1009 1903 tactus
1039 1846 1072 1902 et
1101 1848 1218 1920 gustus
1248 1857 1315 1900 non

167 1939 286 2005 feriunt
301 1940 362 2006 nisi
379 1945 534 2027 contigua
549 1944 692 2026 organis.

211 2044 297 2110 Sunt
312 2055 346 2111 et
362 2047 446 2112 aliae
461 2048 598 2113 virtutes
613 2070 697 2132 quae
719 2059 896 2132 operantur
917 2047 960 2112 ad
982 2047 1184 2124 distantiam,
1200 2068 1315 2112 verum

165 2150 264 2214 valde
276 2151 440 2234 exiguam,
450 2173 588 2235 quarum
600 2174 724 2236 paucae
739 2153 847 2218 adhuc
863 2162 999 2218 notatae
1013 2162 1099 2230 sunt,
1110 2172 1185 2217 cum
1202 2162 1314 2216 tamen

166 2253 275 2335 plures
290 2254 356 2319 sint
371 2275 471 2338 quam
487 2255 637 2320 homines
652 2257 877 2339 suspicentur:
906 2266 942 2321 ut
963 2252 1137 2341 (capiendo
1158 2256 1315 2338 exempla

167 2377 211 2420 ex
227 2357 384 2444 vulgatis)
413 2379 489 2422 cum
519 2361 687 2424 succinum
718 2369 776 2424 aut
805 2369 943 2442 gagates
952 2359 978 2397 ⁰⁹
1012 2360 1147 2424 trahunt
1180 2360 1313 2442 paleas3

165 2459 275 2524 bullae
304 2463 558 2544 approximatae
584 2461 715 2526 solvunt
740 2461 889 2540 bullas¹;
924 2463 1106 2527 medicinae
1136 2462 1314 2527 nonnullae

165 2566 358 2647 purgativae
388 2565 521 2630 eliciunt
551 2566 705 2630 humores
736 2587 780 2630 ex
809 2563 908 2644 alt02,
938 2575 972 2629 et
1000 2565 1202 2647 hujusmodi.
1262 2564 1314 2630 At

164 2671 265 2733 virtus
278 2669 333 2733 illa
345 2671 531 2752 magnetica
543 2691 713 2753 perquam
725 2670 846 2733 sermm
859 2679 892 2733 et
907 2689 1053 2752 magnes,
1069 2669 1121 2732 vel
1141 2678 1314 2751 magnetes

164 2773 304 2839 invicem
314 2773 336 2849 ³,
364 2781 492 2848 coe'unt,
520 2785 676 2857 operatur
696 2775 781 2838 intra
803 2775 919 2838 orbem
941 2773 1071 2836 virtutis
1094 2781 1231 2848 certum,
1253 2772 1312 2836 sed

162 2950 213 3003 her
225 2950 308 3016 orbit,
321 2950 375 3003 and
390 2949 451 3003 that
464 2948 552 3004 which
569 2948 658 3003 draws
674 2966 690 3003 a
706 2956 786 3003 stone
805 2955 836 3004 to
851 2950 901 3003 the
917 2949 1033 3017 ground,
1046 2950 1128 3003 could
1146 2951 1265 3021 possibly
1277 2952 1312 3007 be

162 3033 330 3088 discovered.
368 3033 432 3087 The
445 3034 587 3102 discovery
599 3034 663 3101 also,
676 3033 756 3088 when
769 3034 858 3100 made,
871 3033 977 3086 carried
995 3033 1059 3087 with
1078 3034 1100 3086 it
1116 3034 1164 3087 the
1183 3036 1315 3090 evidence

163 3115 195 3171 oi
204 3117 438 3184 demonstration3
457 3133 488 3170 so
500 3117 560 3171 that
574 3116 648 3184 here,
662 3134 690 3171 as
703 3117 730 3169 in
747 3133 830 3185 many
843 3118 925 3171 other
936 3133 1019 3183 cases,
1032 3118 1081 3170 the
1093 3122 1232 3173 instantiae
1243 3121 1314 3175 radii

162 3217 208 3254 are
221 3201 253 3255 of
262 3201 311 3254 the
323 3206 427 3254 utmost
441 3201 611 3269 importance
626 3201 654 3253 in
667 3201 715 3254 the
726 3200 889 3254 theoretical
901 3205 963 3269 part
975 3200 1008 3254 ol
1017 3200 1146 3270 Physics.’

198 3285 294 3352 hgain,
305 3283 376 3338 after
384 3283 521 3353 speaking,
532 3285 559 3337 in
570 3299 705 3352 apassage
714 3284 803 3339 which
816 3285 838 3338 is
847 3284 908 3338 well
917 3284 1007 3338 worth
1017 3285 1064 3339 the
1074 3287 1211 3340 attention
1221 3286 1254 3341 of
1264 3285 1312 3343 the

161 3369 283 3435 student,
295 3367 328 3420 of
337 3367 385 3420 the
399 3367 621 3435 generalisations
637 3368 839 3436 accomplished
855 3368 892 3437 by
903 3368 951 3421 the
969 3368 1096 3422 methods
1113 3369 1146 3423 of
1159 3377 1313 3440 geometry,

161 3451 196 3504 he
214 3451 297 3506 adds:
319 3450 404 3504 ‘This
422 3467 473 3504 can
491 3452 556 3520 only
574 3451 680 3520 happen
699 3452 778 3505 when
800 3452 848 3505 the
870 3453 1055 3519 experiments
1076 3453 1163 3506 afford
1183 3462 1313 3509 accurate

161 3550 298 3590 measures
319 3533 352 3588 of
369 3535 417 3588 the
438 3535 586 3603 quantities
607 3534 772 3602 concemed,
790 3535 844 3588 like
862 3535 910 3588 the
928 3537 1066 3590 instantiae
1084 3538 1161 3602 radii,
1180 3539 1310 3604 curriculi,

161 3617 226 3685 &c.;
246 3618 300 3672 and
313 3617 366 3671 this
379 3618 528 3686 advantage
540 3619 571 3671 oi
581 3618 726 3686 admitting
738 3619 946 3686 generalisatiou
959 3620 1024 3674 with
1036 3636 1068 3672 so
1080 3619 1164 3672 much
1176 3621 1311 3692 certainty

160 3702 183 3756 is
201 3718 255 3756 oue
273 3701 305 3755 of
320 3701 394 3755 their
410 3703 572 3772 properties,
585 3701 618 3755 os
632 3702 721 3755 which
740 3703 762 3755 it
780 3703 847 3756 does
865 3708 914 3755 not
933 3717 1034 3770 appear
1051 3701 1112 3755 that
1130 3718 1199 3757 even
1217 3704 1312 3759 Bacon

159 3785 270 3839 himself
278 3802 333 3840 was
345 3785 452 3840 avare?

193 3867 215 3900 ’⁹
233 3870 355 3924 ‘Amber
366 3885 399 3923 or
407 3869 470 3939 jet.’

194 3950 204 3985 ¹
224 3955 274 4007 See
287 3958 354 4006 note
368 3956 401 4018 ⁶⁵
415 3969 451 4006 on
464 3950 536 4021 Aph.
551 3969 593 4019 25.

194 4034 205 4067 ¹
224 4036 334 4090 ‘Baeon
353 4036 419 4091 here
438 4037 534 4105 speaks
553 4036 579 4090 in
598 4036 769 4090 accordance
785 4035 850 4090 with
867 4035 915 4088 the
934 4036 1050 4090 medical
1069 4036 1168 4108 theory
1180 4039 1208 4091 in
1221 4039 1309 4094 which

157 4119 205 4174 the
218 4120 294 4174 brain
308 4121 329 4173 is
341 4121 389 4175 the
401 4121 489 4188 origin
502 4121 555 4174 aud
567 4127 626 4174 seat
639 4121 671 4175 of
682 4121 729 4174 the
742 4120 847 4187 rheum,
864 4120 952 4174 which
969 4121 1102 4176 descends
1118 4121 1190 4177 from
1208 4124 1309 4179 thence

156 4204 210 4257 and
231 4203 366 4272 produces
387 4205 491 4258 disease
510 4205 537 4258 in
556 4205 639 4259 other
659 4220 809 4272 organs-a
830 4205 929 4273 theory
946 4206 1093 4273 preserved
1114 4205 1143 4258 in
1164 4207 1213 4259 the
1232 4209 1309 4262 word

157 4287 276 4340 catarrh.
317 4287 430 4342 Certain
451 4289 606 4358 purgatives
626 4305 699 4343 were
717 4288 853 4358 supposed
874 4293 905 4342 to
926 4289 1002 4342 draw
1021 4289 1069 4343 the
1091 4289 1188 4344 rheum
1208 4291 1308 4346 down!

157 4369 214 4424 ΜΓ.
228 4370 301 4424 Ellis'
315 4376 390 4424 note.

192 4451 203 4484 ³
222 4454 266 4506 On
279 4453 327 4508 the
347 4454 452 4508 mutual
468 4455 617 4510 attraction
633 4454 665 4510 ol
679 4462 802 4525 magneta
814 4455 859 4510 for
871 4471 924 4511 one
937 4455 1062 4524 another,
1074 4472 1121 4512 see
1134 4457 1249 4526 Gilbert,
1264 4457 1309 4512 De

157 4537 298 4607 Magnete,
311 4539 356 4594 lib.
369 4538 388 4594 i.
400 4554 460 4608 cap.
475 4556 499 4606 5.
