3324 5110
298 433 363 522 316
674 441 832 498 Novurr
853 442 1072 500 onoratur.

345 607 460 693 Atque
475 608 518 674 de
533 606 604 673 istis
622 607 727 686 rebus,
742 627 826 690 quae
847 607 1000 672 videntur
1021 606 1185 691 vulgatae,
1202 606 1282 672 illud
1302 607 1455 674 homines

301 715 466 796 cogitent;
489 713 595 777 solere
617 732 697 776 sane
720 733 777 775 eos
801 712 909 776 adhuc
934 711 1014 775 nihil
1040 712 1130 775 aliud
1160 733 1267 794 agere,
1293 734 1392 794 quam
1417 723 1454 777 ut

301 837 414 880 eorum
444 836 530 899 quae
561 837 632 878 rara
661 825 737 879 sunt
766 837 879 880 causas
906 817 949 879 ad
980 837 1020 880 ea
1049 836 1134 899 quae
1159 816 1347 898 frequenter
1370 817 1454 880 fiunt

302 921 444 993 referant
460 932 494 985 et
509 921 770 999 accommodent,
784 930 820 985 at
835 922 981 1003 ipsorum
1000 941 1085 1003 quae
1099 920 1286 1003 frequenter
1301 923 1455 985 eveniunt

303 1025 408 1088 nullas
431 1045 544 1088 causas
564 1025 739 1107 inquirant,
763 1025 821 1087 sed
848 1045 888 1088 ea
912 1025 983 1106 ipsa
1006 1025 1165 1108 recipiant
1189 1036 1350 1107 tanquam
1378 1044 1455 1089 con·

305 1148 397 1192 cessa
413 1139 447 1192 et
464 1129 617 1193 admissa.

348 1233 467 1315 Itaque
483 1253 548 1295 non
563 1233 727 1316 ponderis,
737 1252 803 1295 non
820 1231 990 1296 rotationis
1001 1232 1193 1297 coelestium
1204 1232 1238 1311 ³⁸,
1249 1254 1314 1298 non
1330 1231 1456 1310 caloris,

304 1357 371 1399 non
386 1336 522 1418 frigoris,
538 1357 603 1399 non
619 1337 758 1411 luminis,
775 1357 841 1400 non
863 1337 942 1410 duri,
959 1357 1025 1400 non
1041 1337 1158 1415 mollis,
1173 1359 1240 1401 non
1255 1338 1371 1415 tenuis,
1389 1357 1456 1400 non

304 1441 406 1518 densi,
421 1461 487 1504 non
503 1441 626 1523 liquidi,
641 1461 708 1504 non
726 1442 942 1518 consistentis,
959 1460 1025 1503 non
1041 1443 1186 1519 animati,
1199 1462 1264 1505 non
1275 1441 1457 1518 inanimati,

306 1564 373 1608 non
398 1544 558 1622 similaris,
583 1565 649 1607 non
674 1544 885 1619 dissimilaris,
914 1564 974 1608 nec
999 1545 1133 1607 demum
1164 1546 1317 1628 organici,
1343 1564 1458 1608 causas

306 1660 489 1731 quaerunt3
527 1649 585 1711 sed
610 1648 683 1727 illis,
710 1658 868 1730 tanquam
894 1669 953 1730 pro
977 1649 1184 1713 evidentibus
1211 1660 1243 1714 et
1267 1648 1458 1725 manifestis

305 1755 455 1836 receptis,
480 1755 522 1818 de
544 1755 661 1817 ceteris
683 1754 789 1830 rebus,
807 1774 892 1836 quae
915 1774 981 1817 non
1004 1762 1074 1817 tam
1097 1753 1285 1836 frequenter
1306 1763 1340 1817 et
1363 1752 1458 1816 farni-

306 1857 429 1921 liariter
443 1868 624 1933 occurrunt,
641 1859 813 1940 disputant
830 1869 864 1922 et
876 1858 1037 1939 judicant.

350 1961 422 2025 Nos
438 1982 524 2038 ver0‚
539 1963 594 2044 qui
611 1963 689 2025 satis
705 1963 825 2025 scimus
842 1962 967 2025 nullum
983 1964 1027 2026 de
1043 1964 1139 2026 rebus
1156 1962 1234 2027 raris
1255 1972 1313 2026 aut
1329 1961 1458 2026 notabi-

306 2065 391 2128 libus
414 2065 574 2146 J'udicium
601 2066 669 2129 fieri
693 2086 798 2148 posse,
824 2066 928 2130 multo
956 2068 1064 2131 minus
1089 2088 1140 2131 res
1163 2088 1266 2131 novas
1290 2069 1323 2130 in
1351 2066 1459 2130 lucem

307 2169 463 2251 protrahi,
485 2171 610 2253 absque
631 2169 814 2253 vulgarium
839 2191 947 2233 rerum
974 2173 1079 2235 causis
1102 2181 1136 2236 et
1159 2191 1331 2235 causarum
1354 2171 1459 2234 causis

308 2274 370 2336 rite
386 2277 585 2339 examinatis
607 2286 641 2339 et
664 2277 808 2356 repertis,
825 2277 1005 2340 necessario
1028 2277 1070 2339 ad
1095 2297 1145 2339 res
1167 2276 1411 2358 vulgarissimas
1426 2276 1459 2338 in

306 2377 478 2443 historiam
506 2390 651 2443 nostram
681 2379 884 2461 recipiendas
909 2381 1146 2463 compellimur.
1191 2380 1383 2462 Quinetiam
1414 2380 1459 2442 nil

308 2484 414 2565 magis
437 2483 664 2566 philosophiae
687 2482 837 2548 offecisse
862 2484 1140 2566 deprehendimus
1162 2504 1262 2567 quarn
1285 2484 1375 2566 quod
1398 2503 1460 2560 res,

308 2607 394 2667 quae
409 2586 584 2651 familiares
599 2596 676 2650 sunt
692 2596 725 2649 et
741 2586 928 2669 frequenter
948 2597 1129 2664 occurrunt,
1145 2587 1460 2668 contemplationem

308 2689 480 2754 hominurn
505 2695 570 2755 rion
595 2700 762 2755 morentur
784 2700 817 2754 et
841 2692 1019 2767 detineant,
1043 2693 1103 2756 sed
1127 2693 1325 2773 recipiantur
1346 2690 1462 2767 obiter,

310 2814 417 2877 neque
433 2816 672 2860 earumcausae
687 2796 798 2877 quaeri
817 2796 967 2860 soleant:
991 2805 1027 2859 ut
1047 2816 1112 2859 non
1134 2796 1263 2877 saepius
1280 2795 1462 2877 requiratur

309 2899 496 2962 informatio
511 2901 553 2964 de
569 2900 666 2963 rebus
682 2900 811 2982 ignotis
828 2920 927 2981 quarn
942 2899 1085 2963 attentio
1101 2899 1133 2962 in
1149 2899 1244 2963 notis.

833 3081 940 3147 CXX.

354 3218 454 3300 Quod
473 3239 551 3282 vero
569 3219 612 3282 ad
633 3239 740 3283 rerum
762 3219 923 3283 vilitatem
946 3221 1075 3294 attinet,
1094 3219 1146 3282 vel
1162 3219 1262 3283 etiam
1284 3217 1462 3300 turpitudi-

311 3343 397 3400 nem,
415 3323 533 3404 quibus
551 3321 602 3406 (ut
621 3324 668 3386 ait
688 3323 811 3386 Plinius
822 3321 863 3409 ³⁷)
883 3324 989 3388 honos
1010 3324 1208 3406 praefandus
1232 3332 1302 3402 est;
1326 3343 1384 3385 eae
1403 3341 1463 3397 res,

311 3447 376 3489 non
402 3427 510 3490 minus
534 3446 634 3509 quam
658 3428 862 3492 lautissimae
886 3439 919 3492 et
944 3430 1209 3511 pretiosissimae,
1233 3429 1265 3491 in
1293 3425 1464 3490 historiam

312 3530 495 3593 naturalem
512 3531 717 3612 recipiendae
733 3542 817 3595 sunt.
864 3532 983 3613 Neque
1003 3543 1178 3614 propterea
1196 3531 1354 3613 polluitur
1369 3538 1466 3592 natu-

311 3726 356 3779 for
377 3727 426 3779 the
446 3743 615 3781 occurrence
635 3728 662 3780 in
683 3728 731 3781 the
753 3700 867 3781 Natural
891 3728 1008 3798 History
1029 3729 1062 3781 of
1080 3745 1209 3782 common
1231 3728 1330 3795 things,
1351 3727 1384 3781 of
1401 3726 1468 3780 base

311 3809 411 3876 things,
425 3812 479 3864 and
492 3811 525 3864 of
533 3812 623 3865 subtle
635 3811 734 3879 things.

348 3891 371 3922 ³⁶
390 3894 437 3947 To
455 3895 523 3948 have
541 3895 624 3948 asked
643 3895 697 3948 this
715 3895 842 3964 question
861 3895 959 3949 should
977 3896 1067 3965 surely
1085 3895 1121 3948 be
1139 3902 1188 3964 put
1207 3895 1288 3948 down
1305 3900 1336 3947 to
1352 3892 1468 3946 Bacon’s

311 3977 408 4031 credit.
431 3977 496 4031 The
508 3998 581 4033 cause
592 3977 624 4031 of
633 3979 680 4032 the
693 3980 811 4033 celestial
824 3980 944 4032 motions
957 3995 1011 4032 was
1023 3978 1081 4032 first
1093 3978 1253 4032 discovered
1266 3979 1303 4047 by
1317 3976 1448 4030 Newton.

347 4057 369 4090 ⁸⁷
389 4060 512 4114 ‘Rerum
526 4070 632 4128 natura,
646 4061 698 4116 hoc
716 4069 765 4130 est,
778 4063 833 4115 vita
852 4069 986 4129 narratur,
1000 4069 1030 4115 et
1045 4063 1113 4116 haec
1130 4061 1314 4115 sordidissima
1325 4061 1366 4113 sui
1380 4065 1468 4128 parte,

312 4150 344 4197 ut
363 4143 539 4212 plurimarum
559 4161 649 4199 rerum
668 4153 717 4199 aut
734 4147 842 4201 rusticis
860 4147 997 4200 vocabulis
1016 4152 1064 4200 aut
1086 4147 1214 4211 externis,
1233 4145 1317 4200 immo
1336 4143 1469 4209 barbaris,

314 4227 398 4279 etiam
414 4242 477 4279 cum
495 4227 605 4280 honoris
622 4227 790 4296 praefatione
806 4229 957 4296 ponendis!
993 4228 1058 4282 Nat.
1072 4228 1155 4294 Hist,
1168 4228 1213 4282 lib.
1227 4228 1243 4282 i.
1259 4229 1294 4281 ad
1307 4227 1366 4280 init.
1403 4226 1468 4280 The

313 4311 471 4376 expression
485 4311 636 4364 ‘honorem
649 4311 778 4379 praefari·
791 4327 886 4365 means
899 4315 945 4366 ‘to
957 4312 1112 4380 apologise,'
1130 4313 1177 4365 ‘to
1189 4312 1236 4364 ask
1253 4309 1427 4379 permission’
1440 4309 1468 4361 in

313 4393 391 4459 using
413 4409 446 4445 an
469 4393 613 4447 indelicate
633 4395 739 4462 phrase.
786 4396 837 4465 Cp.
860 4397 968 4460 Cicero,
991 4395 1130 4464 Epistolae
1152 4395 1187 4447 ad
1210 4394 1350 4458 Diversos,
1368 4392 1415 4446 lib.
1431 4393 1470 4446 ix.

314 4491 357 4542 ep.
377 4491 426 4529 22:
449 4477 494 4529 ‘Si
516 4476 638 4544 dicimus,
659 4478 703 4531 ille
724 4484 831 4546 patrem
852 4479 1036 4545 strangulavit,
1061 4477 1195 4531 honorem
1221 4494 1276 4531 non
1302 4475 1469 4550 praefamur.

315 4557 361 4613 Sin
374 4559 408 4614 de
422 4560 532 4615 Aurelia
545 4560 655 4630 aliquid,
668 4567 716 4616 aut
730 4561 834 4616 Lollia:
853 4561 941 4618 honos
953 4561 1116 4634 praefandus
1128 4561 1189 4618 est.'
