3306 5102
311 435 376 496 404
690 422 847 477 novun
867 423 1085 479 oncnnvn.

399 585 570 650 subtilius:
594 585 654 648 sed
675 584 753 666 quia
769 591 880 648 motus
902 584 1064 667 ejusmodi
1086 594 1136 648 est
1157 585 1265 648 lentus
1281 585 1467 650 admodum

400 699 433 753 et
450 710 508 771 per
522 686 698 770 particulas
713 687 810 751 valde
828 688 942 765 exiles,
961 708 1027 752 non
1043 688 1222 770 percipitur
1237 689 1336 754 calor.

381 863 382 866 Ἴ
443 792 639 857 Ostenditur
662 793 762 855 etiam
785 794 819 855 in
840 793 1086 874 comparatione
1111 793 1364 856 dissolutionum
1390 792 1467 855 ferri

399 905 432 960 et
454 896 523 960 auri
534 895 570 958 ²⁰.
615 894 746 958 Aurum
769 897 858 960 enim
884 896 1073 958 dissolvitur
1095 896 1220 978 absque
1242 896 1350 960 calore
1373 896 1466 959 exci-

398 1009 491 1078 tato;
523 1000 644 1062 sermm
668 1008 781 1063 autem
804 1020 879 1065 cum
902 1000 1090 1064 vehementi
1114 1001 1315 1065 excitatione
1337 1001 1465 1078 caloris,

398 1103 474 1167 licet
501 1103 599 1167 simili
623 1103 689 1166 lere
712 1105 886 1167 intervallo
909 1106 1019 1187 quoad
1043 1114 1183 1186 tempus.
1228 1105 1316 1187 Quia
1338 1103 1463 1168 seilicet

398 1208 431 1270 in
452 1228 540 1286 aum,
558 1207 721 1290 ingressus
741 1227 849 1290 aquae
870 1207 1086 1289 separationis
1107 1217 1158 1270 est
1178 1207 1323 1270 clemens
1339 1217 1372 1270 et
1388 1207 1464 1269 sub-

397 1309 500 1373 tiliter
515 1310 689 1383 insinuans,
707 1319 741 1374 et
759 1311 863 1373 cessio
878 1311 1022 1392 partium
1038 1310 1108 1372 auri
1124 1310 1245 1388 lacilis;
1269 1321 1302 1372 at
1320 1310 1352 1372 in
1368 1310 1463 1386 serre,

398 1414 562 1495 ingressus
577 1422 626 1476 est
641 1433 738 1494 asper
753 1422 786 1476 et
802 1433 878 1476 cum
894 1412 1057 1492 conflictu,
1073 1421 1107 1476 et
1122 1423 1232 1496 partes
1248 1413 1321 1476 ierri
1336 1412 1463 1475 habent

398 1517 654 1580 obstinationem
671 1516 838 1597 majorem.

441 1620 638 1685 Ostenditur
663 1619 764 1682 etiam
788 1620 994 1701 aliquatenus
1019 1618 1052 1681 in
1075 1620 1271 1702 gangraenis
1297 1617 1464 1682 nonnullis

398 1731 431 1786 et
447 1722 751 1786 mortificationibus
767 1722 935 1798 carnium;
954 1740 1039 1802 quae
1055 1743 1121 1786 non
1137 1723 1285 1786 excitant
1302 1741 1462 1802 magnum

397 1825 539 1889 calorem
555 1833 612 1887 aut
628 1824 786 1901 dolorem,
801 1824 845 1887 ob
861 1824 1078 1888 subtilitatem
1095 1825 1352 1907 putrefactionis.

352 2019 468 2101 Atque
493 2019 574 2082 haec
600 2021 643 2084 sit
665 2020 787 2082 Prima
818 2019 1044 2098 Vindemiatio,
1067 2021 1135 2084 sive
1156 2020 1382 2102 Interpretatin
1408 2020 1460 2082 in·

308 2123 420 2187 cloata
436 2124 478 2186 de
494 2123 615 2188 Forma
632 2123 749 2204 Calidi,
765 2123 852 2188 sacta
867 2145 927 2206 per
941 2125 1193 2188 Pcrmz'ssionem
1208 2125 1398 2188 Intellectus.

355 2227 411 2290 Ex
442 2226 697 2290 Vindemiatione
717 2235 831 2292 autem
854 2229 918 2291 ista
939 2228 1068 2302 Prima,
1092 2227 1198 2290 forma
1220 2230 1288 2291 sive
1310 2227 1460 2291 definitio

308 2329 416 2394 vera²¹
431 2331 547 2395 caloris
562 2328 648 2415 (ejus
666 2333 721 2414 qui
746 2340 795 2395 est
818 2332 852 2394 in
875 2332 990 2395 ordine
1013 2332 1055 2394 ad
1079 2333 1275 2409 universum,
1291 2352 1356 2394 non
1377 2331 1461 2394 rela-

308 2435 394 2497 tivus
410 2435 643 2498 tantummodo
664 2435 707 2497 ad
726 2432 875 2518 sensum)
893 2433 969 2497 talis
991 2443 1049 2512 est,
1065 2435 1154 2497 brevi
1176 2434 1348 2498 verborum
1369 2455 1461 2498 com-

308 2536 431 2618 plexu:
468 2537 566 2603 Calor
592 2546 641 2599 est
669 2547 773 2600 motus
801 2537 1004 2618 expansionis,
1030 2536 1194 2614 cohibitus,
1220 2547 1251 2600 et
1275 2538 1381 2600 nitens
1399 2547 1463 2618 per

299 2650 414 2720 partes
434 2640 582 2704 minores.
629 2638 842 2703 lllodificatur
861 2649 974 2704 autem
994 2642 1175 2722 expansio:
1203 2650 1240 2702 ut
1257 2639 1462 2721 expantdcndo

307 2744 342 2806 in
376 2744 534 2808 ambitum
544 2742 581 2822 ²²,
616 2742 766 2806 nonnihil
798 2753 906 2807 tamen
939 2743 1070 2805 inclinet
1103 2764 1214 2806 versus
1245 2744 1412 2824 superiora
1422 2743 1459 2808 ²³.

309 2847 519 2912 Modificatur
534 2856 645 2910 autem
667 2855 700 2910 et
720 2845 819 2908 nixus
839 2846 894 2908 ille
916 2865 974 2926 per
992 2855 1121 2927 partes3
1145 2856 1183 2908 ut
1195 2867 1256 2910 non
1270 2848 1317 2909 sit
1329 2846 1460 2910 omnino

305 2951 420 3031 segnis,
444 2951 501 3014 scd
522 2952 675 3014 incitatus
695 2958 819 3011 etcum
843 2950 960 3029 impetn
983 2949 1143 3012 itoimull.

351 3053 450 3135 Quod
473 3075 551 3117 vero
574 3055 617 3117 ad
642 3052 857 3135 Operativam
880 3053 1009 3128 attinet,
1038 3055 1156 3116 eadem
1183 3072 1233 3116 res
1263 3061 1322 3116 est.
1368 3054 1458 3116 Nam

307 3157 493 3238 designatio
509 3166 559 3220 est
580 3158 673 3219 talis:
700 3157 743 3220 Si
765 3157 799 3218 in
821 3155 930 3237 aliquo
951 3167 1077 3237 corpore
1099 3157 1249 3219 rtatnrali
1260 3159 1384 3238 poteris
1405 3179 1458 3220 ex-

305 3259 407 3322 citare
433 3270 555 3323 motum
581 3257 682 3320 adse
707 3259 915 3321 dilatandum
944 3269 1005 3322 ant
1030 3259 1274 3342 expandendum
1284 3283 1298 3334 ,·
1328 3281 1460 3342 eumque

306 3372 427 3425 motum
441 3363 489 3426 ita
498 3362 671 3443 reprimere
679 3372 712 3424 et
722 3363 756 3424 in
768 3384 802 3424 se
811 3373 940 3442 vertere,
950 3372 988 3425 nt
995 3363 1147 3427 dilatatio
1163 3363 1222 3426 illa
1237 3385 1298 3426 non
1306 3364 1463 3445 procedat

305 3465 494 3546 acqicaliter,
510 3463 568 3527 sed
572 3465 701 3545 partim
715 3465 863 3542 obtineat,
871 3466 1002 3546 partim
1019 3465 1211 3529 retrudatur
1219 3490 1234 3541 ,·
1250 3467 1460 3548 proculdubio

299 3569 474 3650 gernrabis
493 3567 657 3632 calidum.-
689 3589 754 3631 non
777 3569 893 3632 habita
916 3571 1051 3648 ratione,
1074 3571 1142 3633 sive
1165 3591 1282 3652 corpus
1309 3571 1389 3635 illud
1416 3572 1460 3635 sit

305 3673 505 3737 elementare
521 3670 572 3757 (ut
587 3670 788 3756 loquuntur),
807 3674 876 3736 sive
892 3674 1055 3757 imbutum
1071 3695 1092 3738 a
1107 3674 1306 3738 coelestibus
1315 3675 1363 3752 ²⁴3
1391 3675 1460 3740 sive

338 3927 362 3960 ²⁰
381 3931 427 3983 He
446 3929 468 3982 is
486 3929 553 3983 here
571 3929 690 3995 alluding
708 3936 739 3982 to
757 3930 805 3982 the
824 3930 959 3982 instances
976 3929 1055 3995 given
1072 3931 1159 3983 under
1176 3931 1259 3999 Aphs.
1279 3949 1308 3984 ιι
1328 3929 1386 4001 (19)
1405 3933 1461 3986 and

308 4031 337 4066 12
355 4015 363 4070 l
368 4013 422 4080 25),
435 4013 552 4079 relating
564 4021 594 4066 to
607 4014 655 4066 the
668 4013 800 4066 chemical
813 4012 973 4066 dissolution
986 4012 1018 4064 of
1029 4013 1088 4065 iron
1102 4015 1155 4066 and
1168 4015 1231 4080 gold
1244 4017 1432 4086 respectively.

339 4095 361 4127 ²¹
379 4095 481 4150 Notlce
492 4097 552 4149 that
565 4097 572 4124 ‘
583 4095 673 4149 form’
691 4097 713 4148 is
725 4097 791 4150 here
804 4095 946 4150 identified
959 4095 1026 4149 with
1039 4096 1191 4152 definition.

339 4177 361 4211 ²²
379 4181 422 4233 All
434 4181 531 4246 round,
545 4181 571 4232 in
584 4181 617 4233 all
631 4179 790 4233 directions.

339 4261 362 4294 ²⁸
381 4265 432 4317 See
444 4271 511 4316 note
529 4280 558 4328 13
574 4263 668 4316 above.

339 4344 361 4377 ²⁴
380 4350 524 4414 Spectrum
537 4345 652 4412 analysis
665 4345 712 4398 has
726 4346 850 4414 recently
862 4346 956 4400 shown
969 4346 1029 4400 that
1043 4348 1195 4402 ‘celestial'
1208 4349 1262 4402 and
1276 4350 1459 4405 ‘terrestrial’

304 4447 337 4482 or
355 4431 555 4497 ‘elementary’
574 4428 669 4481 bodies
682 4445 728 4481 are
742 4429 774 4482 of
784 4429 867 4483 much
879 4430 926 4483 the
940 4447 1014 4483 same
1026 4431 1159 4485 chemical
1172 4435 1362 4501 composition.
1393 4434 1459 4490 The

304 4528 432 4566 common
445 4513 557 4580 opinion
576 4513 603 4564 in
617 4511 733 4566 Bacon's
750 4513 825 4579 lime,
839 4513 975 4567 inherited
993 4513 1065 4568 from
1085 4516 1133 4569 the
1146 4517 1326 4586 Peripatetics
1340 4517 1397 4588 (see
1411 4519 1457 4572 De
