3306 5102
643 429 722 484 LIB.
745 431 789 486 II.
813 441 864 507 31.
1266 439 1330 506 439

180 592 354 670 humanae,
382 592 541 657 reddatur
569 591 755 658 intellectus
784 591 945 658 attonitus
969 601 1004 658 et
1029 592 1152 677 ligatus
1178 601 1211 658 et
1237 592 1331 676 quasi

182 698 398 762 maleficiatus
427 698 537 780 quoad
567 697 632 777 illa,
664 699 710 761 ita
744 708 781 762 ut
814 718 889 762 curn
920 698 993 762 aliis
1024 719 1236 764 consuescere
1266 718 1331 762 non

182 802 294 884 possit,
321 803 381 866 sed
408 801 532 882 cogitet
561 801 643 864 nihil
666 801 737 884 ejus
763 803 891 884 generis
916 802 984 866 fieri
1008 824 1106 885 posse
1129 803 1190 867 nisi
1214 804 1331 868 eadem

181 906 235 969 via
260 927 327 989 qua
351 905 408 968 illa
437 904 555 969 effecta
580 914 665 980 sunt,
691 908 871 971 accedente
902 907 1133 971 tantummodo
1161 906 1333 989 diligentia

184 1008 308 1091 majore
330 1018 365 1072 et
387 1008 637 1089 praeparatione
661 1009 767 1090 magis
789 1020 943 1073 accurata
952 1007 987 1075 ¹⁵.

229 1112 363 1191 Contra,
384 1111 464 1174 illud
486 1113 676 1194 ponendum
699 1121 749 1176 est
772 1133 832 1195 pro
851 1122 959 1177 certo:
982 1113 1052 1177 vias
1072 1123 1105 1178 et
1126 1114 1244 1178 modos
1265 1114 1332 1178 effi·

184 1216 291 1280 ciendi
316 1235 367 1278 res
393 1223 427 1278 et
451 1235 559 1296 opera,
584 1235 670 1297 quae
695 1215 804 1278 adhuc
828 1226 958 1298 reperta
981 1226 1058 1281 sunt
1080 1226 1114 1280 et
1137 1226 1260 1297 notata,
1284 1239 1334 1283 res

184 1340 257 1383 esse
271 1318 452 1401 plerunque
468 1319 684 1401 pauperculas
692 1341 699 1399 ;
715 1329 816 1403 atque
831 1339 965 1384 omnem
979 1321 1163 1402 potentiam
1176 1321 1335 1404 majorem

186 1424 330 1505 pendere
348 1432 382 1486 et
400 1423 514 1486 ordine
533 1423 671 1487 derivari
686 1443 707 1487 a
722 1424 869 1487 lontibus
887 1423 1076 1503 formarum,
1091 1445 1229 1506 quarum
1245 1425 1335 1489 nulla

185 1525 293 1590 adhuc
317 1527 451 1590 inventa
473 1536 524 1591 est
533 1525 568 1588 ¹⁸.

229 1629 348 1712 Itaque
374 1625 424 1711 (ut
448 1629 526 1693 alibi
551 1630 698 1696 diximus
708 1629 749 1716 ¹⁷)
773 1631 829 1714 qui
856 1632 898 1696 de
923 1630 1083 1696 machinis
1112 1641 1146 1696 et
1170 1631 1336 1711 arietibus,

184 1733 299 1816 quales
315 1742 408 1800 erant
422 1735 511 1816 apud
526 1744 661 1814 veteres,
676 1737 863 1818 cogitasset,
884 1735 961 1800 licet
981 1735 1044 1800 hoc
1062 1735 1192 1801 lecisset
1212 1736 1337 1800 obnixe

184 1846 285 1918 atque
315 1845 461 1901 aetatem
488 1838 522 1900 in
553 1859 593 1903 eo
623 1839 890 1921 consumpsisset,
918 1859 1088 1920 nunquam
1115 1850 1228 1903 tamen
1258 1838 1337 1903 inci·
1408 1909 1416 1926 „

184 1940 287 2005 disset
311 1942 344 2004 in
371 1942 539 2005 inventum
566 1953 808 2007 tormentorum
838 1943 1010 2024 igneorum
1040 1943 1249 2026 operantium
1280 1964 1338 2026 per

186 2042 355 2124 pulverem
380 2046 520 2128 pyrium.
570 2047 690 2129 Neque
717 2067 834 2122 rursus,
861 2047 917 2128 qui
943 2046 977 2109 in
1005 2046 1152 2110 lanificiis
1176 2056 1210 2111 et
1234 2048 1338 2111 serico

186 2149 362 2230 vegetabili
386 2150 651 2215 observationem
677 2171 771 2214 suam
796 2161 830 2214 et
857 2150 1107 2215 meditationem
1135 2151 1338 2229 collocasset,

187 2270 333 2333 unquam
355 2273 414 2335 per
435 2274 475 2318 ea
497 2255 670 2337 reperisset
693 2263 845 2318 naturam
865 2255 984 2318 vermis
1007 2264 1065 2320 aut
1084 2252 1178 2320 serici
1197 2256 1339 2338 bomby-

186 2353 260 2418 cini.

231 2457 394 2542 Quocirca
409 2462 521 2526 omnia
535 2462 677 2542 inventa,
694 2483 779 2545 quae
794 2461 918 2526 censeri
934 2471 1071 2545 possunt
1090 2461 1195 2544 magis
1217 2462 1340 2527 nobilia

188 2556 229 2645 (si
260 2562 407 2627 animum
437 2563 613 2652 advertas),
645 2567 678 2629 in
708 2565 816 2630 lucem
843 2565 1002 2648 prodiere,
1029 2564 1119 2629 nullo
1152 2566 1251 2629 modo
1281 2585 1340 2647 per

189 2665 326 2746 pusillas
346 2667 591 2733 enucleationes
611 2678 644 2734 et
665 2669 878 2733 extensiones
898 2669 1027 2743 artium,
1047 2669 1105 2731 sed
1127 2667 1261 2731 omnino
1282 2689 1341 2750 per

192 2786 315 2836 casum.
374 2771 467 2836 Nihil
501 2782 615 2837 autem
650 2780 875 2856 repraesentat
884 2769 909 2808 ¹⁸
939 2781 997 2835 aut
1031 2772 1193 2853 anticipat
1228 2791 1340 2836 casum

190 2867 297 2956 (cujus
314 2895 386 2939 mos
402 2886 453 2939 est
474 2886 509 2941 ut
529 2886 661 2940 tantum
682 2897 739 2961 per
758 2877 858 2958 longa
873 2874 1005 2940 saecula
1020 2873 1196 2959 operetur),
1212 2883 1342 2957 praeter

191 2977 414 3043 inventionem
433 2979 612 3043 formarum
623 2978 656 3044 ¹⁹.

236 3081 403 3167 Exempla
425 3093 538 3148 autern
560 3083 751 3168 hujusmodi
776 3081 1004 3147 instantiarum
1028 3079 1236 3164 particularia
1262 3075 1342 3142 nihil

191 3205 274 3267 opus
305 3196 356 3251 est
385 3189 558 3266 adducere,
589 3196 725 3270 propter
754 3187 883 3270 copiam
915 3185 1106 3250 eorundem.
1160 3185 1249 3249 Nam
1280 3181 1344 3246 hoc

191 3291 327 3355 omnino
358 3292 545 3374 agendum3
580 3301 617 3355 ut
646 3293 820 3355 visitentur
849 3300 883 3354 et
913 3291 1045 3373 penitus
1077 3289 1345 3372 introspiciantur

191 3413 307 3458 omnes
328 3405 416 3458 artes
438 3394 657 3474 mechanicae,
679 3404 779 3478 atque
801 3394 953 3458 liberales
977 3394 1079 3457 etiarn
1100 3389 1278 3478 (quatenus
1300 3389 1344 3453 ad

229 3699 252 3734 ¹⁸
271 3702 295 3754 C
315 3702 392 3766 .i.6,
406 3706 449 3767 85.

229 3783 252 3816 ¹⁶
270 3719 321 3855 (ἕξ.
338 3785 355 3839 i.
372 3800 415 3852 75,
434 3785 461 3838 ii.
480 3801 503 3850 a,
520 3798 561 3847 17.
598 3781 643 3835 De
661 3779 832 3848 Augmentis
849 3779 887 3832 iii.
907 3798 922 3844 4
943 3777 990 3848 (E.
1002 3777 1056 3831 and
1072 3778 1108 3844 S,
1121 3775 1174 3830 vol.
1186 3775 1204 3828 i.
1216 3790 1261 3843 pp.
1276 3774 1345 3839 564-

195 3864 269 3940 56⁶).

229 3953 250 3985 ¹⁷
270 3955 321 4007 See
334 3953 352 4008 i.
368 3969 426 4018 109.

229 4035 251 4069 ¹⁸
269 4039 320 4091 See
334 4041 399 4090 note
412 4051 450 4089 on
463 4033 516 4088 this
528 4031 605 4086 word
617 4036 646 4085 at
658 4029 705 4084 the
718 4028 773 4082 end
785 4027 818 4081 os
827 4028 845 4082 i.
861 4043 919 4093 ¹09·

228 4119 250 4152 ¹⁹
270 4122 321 4189 Cp.
334 4119 360 4174 ii.
376 4137 388 4185 3
402 4118 437 4172 ad
450 4117 513 4171 lin:
532 4115 644 4184 ‘Atqui
657 4112 760 4166 formas
771 4111 856 4177 novit,
869 4112 891 4164 is
903 4115 1018 4164 naturae
1030 4109 1166 4162 unitatem
1180 4107 1207 4160 in
1225 4105 1346 4160 materiis

195 4204 377 4259 dissimillimis
395 4200 604 4270 complectitur3
623 4199 715 4266 itaque
734 4211 804 4264 quae
823 4195 912 4248 adhuc
930 4193 1004 4246 sacta
1021 4207 1077 4245 non
1095 4197 1168 4258 sunt,
1187 4189 1276 4259 qualia
1294 4204 1346 4242 nec

194 4295 309 4343 naturae
328 4285 534 4346 vicissitudines,
548 4297 638 4351 neque
656 4278 886 4348 experimentales
904 4275 1062 4342 industriae,
1075 4289 1166 4343 neque
1185 4288 1262 4326 casus
1281 4271 1346 4340 ipse,

195 4374 336 4428 inactum
357 4384 479 4438 unquam
504 4365 702 4436 perduxissent,
722 4378 813 4432 neque
834 4361 1030 4429 cogitationem
1054 4358 1201 4410 humanam
1224 4354 1348 4408 subitura

194 4455 319 4524 hument,
337 4454 467 4520 detegere
487 4459 516 4505 et
537 4451 690 4519 producere
708 4453 809 4517 potest.
847 4447 940 4515 Quae
960 4459 995 4498 ex
1014 4442 1168 4497 formarum
1189 4440 1347 4494 inventione

194 4541 320 4612 sequitur
331 4535 527 4606 contemplatio
539 4549 612 4603 vera,
625 4540 654 4587 et
665 4529 790 4602 operatio
801 4527 905 4584 libera!
