3208 5094
342 394 406 476 588
718 407 876 464 novun
896 407 1114 464 orrannum.

337 569 581 651 praerogativis
592 570 667 636 cini
677 570 1197 654 insignitaeetdonataeanimae
1208 571 1322 651 instar,
1330 573 1466 638 interul-

344 691 440 753 gaces
453 674 626 740 instantias
635 677 897 760 comparentiae;
912 685 946 740 et
959 687 997 743 ut
1005 677 1048 740 ab
1060 677 1155 741 initio
1165 677 1317 740 diximus
1325 674 1358 755 ⁷¹,
1369 697 1467 759 paucae
1528 691 1529 732 l

345 775 475 840 ilianum
491 788 568 842 sunt
583 778 654 844 vice
670 779 848 844 multarum
862 801 870 858 ;
892 780 1044 862 quocirca
1062 800 1137 845 cum
1154 779 1285 844 tabulas
1299 779 1468 858 conficimus7
1528 819 1529 850 r

345 879 421 944 illae
436 883 525 945 omni
541 883 653 947 studio
668 893 746 948 sunt
765 884 1023 967 investigandae,
1041 893 1075 948 ct
1096 885 1129 948 in
1153 884 1284 948 tabulas
1304 882 1469 948 referendae.
1528 897 1529 944 1

346 982 420 1046 Erit
447 987 547 1050 etiam
575 1008 688 1051 earum
715 988 839 1052 mentio
866 988 1047 1053 necessaria
1074 989 1108 1050 in
1134 989 1173 1051 iis
1197 1008 1288 1070 quae
1314 999 1470 1069 sequuntur.
1528 1003 1529 1014 ¹

347 1087 604 1171 Praeponendus
630 1093 742 1174 itaque
771 1099 842 1156 erat
869 1112 983 1156 earum
1013 1100 1182 1156 tractatus.
1227 1092 1331 1155 Nunc
1354 1112 1423 1155 vero
1441 1095 1470 1156 ad

346 1191 546 1258 admint'cula
568 1203 603 1260 et
625 1195 867 1279 rectificatione
888 1195 1098 1274 Inductionir,
1121 1206 1156 1262 et
1177 1196 1339 1278 deinceps
1363 1195 1402 1258 ad
1422 1217 1473 1260 ccr-

346 1295 476 1376 creta⁷²‚
510 1309 544 1363 et
576 1299 709 1363 &tentes
732 1310 908 1382 processus,
942 1310 978 1364 et
1013 1300 1148 1364 latentm
1182 1299 1424 1373 schematisans,
1449 1311 1473 1364 et
1528 1327 1529 1352 u

348 1401 473 1485 reliqua
488 1423 573 1485 quae
588 1403 793 1486 Aphorismo
810 1422 860 1470 21.
876 1405 991 1469 ordine
1010 1391 1253 1488 proposuimus,
1276 1405 1471 1487 pergendum

349 1517 385 1570 ut
415 1508 550 1571 tandem
580 1504 755 1593 <tanquam
785 1518 952 1574 curatores
982 1508 1076 1591 probi
1107 1517 1141 1572 et
1170 1506 1304 1593 fideles)
1335 1509 1473 1572 tradamus

348 1610 536 1674 hominibus
558 1610 707 1676 fortunas
730 1633 814 1689 suas,
833 1613 1043 1696 emancipato
1063 1613 1241 1690 intellectu,
1263 1620 1300 1676 et
1323 1611 1405 1676 lacto
1422 1623 1474 1674 tan·

349 1735 451 1797 quarn
477 1714 618 1798 majore:
646 1718 733 1782 unde
759 1737 894 1781 necesse
915 1725 966 1780 est
988 1718 1081 1799 sequi
1105 1716 1375 1780 emendationem
1394 1725 1473 1779 status

348 1817 500 1896 hominis,
529 1829 563 1882 et
591 1819 841 1902 ampliationem
872 1821 1048 1902 potestatis
1076 1820 1148 1903 ejus
1177 1841 1279 1903 super
1310 1817 1473 1883 naturane.

351 1920 465 1984 Homo
488 1923 575 1985 enirn
598 1944 657 2005 per
675 1923 806 2006 lapsum
815 1922 844 1963 ⁷⁴
866 1933 901 1989 et
923 1925 965 1989 de
983 1934 1071 1989 statu
1089 1925 1301 1990 innocentiae
1324 1924 1474 2000 deciditet

349 2026 391 2087 de
407 2044 508 2106 regno
524 2027 557 2088 in
572 2037 746 2093 creaturas.
792 2027 943 2113 Utraque
959 2039 1073 2094 autem
1096 2049 1147 2093 res
1170 2028 1271 2094 etiam
1294 2030 1329 2092 in
1352 2029 1409 2092 hac
1427 2029 1474 2090 uita

349 2127 508 2192 nonnulla
533 2149 576 2192 ex
603 2140 697 2213 parte
724 2133 866 2215 reparari
890 2141 1020 2216 potest;
1054 2133 1143 2215 prior
1168 2153 1228 2215 per
1252 2132 1436 2214 religionem
1454 2143 1475 2192 et

350 2230 459 2309 fidem,
490 2234 651 2315 posterior
680 2256 740 2318 per
768 2247 855 2302 artes
885 2245 921 2302 et
949 2237 1111 2302 scientias.
1171 2237 1294 2319 Neque
1326 2235 1409 2300 enirn
1435 2254 1475 2315 per

350 2337 616 2401 maledictionem
646 2339 734 2404 facta
764 2351 814 2405 est
844 2351 992 2407 creatura
1021 2361 1154 2424 prorsus
1180 2351 1213 2406 et
1239 2341 1285 2405 ad
1318 2351 1476 2404 extremum

350 2441 490 2505 rebellis.
537 2441 604 2507 Sed
629 2443 663 2506 in
686 2445 809 2508 virtute
834 2444 920 2508 illius
949 2444 1150 2527 diplomatis,
1176 2444 1220 2508 In
1248 2443 1369 2508 rudore
1395 2442 1477 2506 vuuu

349 2544 487 2608 concedes
493 2555 613 2627 panem
629 2555 729 2626 mum,
745 2567 805 2630 per
819 2549 947 2613 labores
962 2549 1068 2613 varios
1084 2545 1164 2634 (non
1184 2567 1243 2630 per
1261 2547 1477 2631 disputationes

350 2657 445 2728 certe,
461 2659 519 2715 aut
541 2670 600 2732 per
621 2653 744 2716 otiosas
767 2653 969 2716 ceremonias
993 2649 1159 2736 magicas),
1174 2653 1315 2717 tandem
1339 2661 1372 2715 et
1392 2650 1477 2730 aliqua

464 2775 509 2818 ex
524 2765 618 2837 parte
633 2756 677 2820 ad
692 2776 814 2838 panem
828 2755 953 2820 homini
970 2757 1205 2840 praebendum,
1221 2757 1256 2820 id
1273 2766 1333 2836 est,
1347 2756 1389 2820 ad

655 2880 732 2924 usus
746 2861 834 2925 vitae
848 2861 1014 2926 humanae
1030 2859 1200 2944 subigitur.

574 3169 678 3242 Finis
698 3171 800 3245 Libri
819 3171 980 3245 Secundi
1002 3171 1038 3244 N
1042 3172 1104 3245 ovi
1123 3170 1278 3270 Organi.

386 3457 407 3490 ⁷¹
424 3462 476 3515 See
489 3459 559 3530 Aph.
575 3479 616 3515 aa.

386 3543 408 3576 ⁷²
426 3547 464 3600 As
477 3546 489 3599 1
503 3546 571 3599 have
584 3546 693 3616 already
706 3546 840 3601 observed
853 3547 880 3600 in
893 3564 909 3601 a
922 3554 988 3601 note
1002 3564 1038 3602 on
1050 3546 1122 3616 Aph.
1138 3560 1179 3612 21,
1193 3544 1244 3599 ‘ad
1256 3541 1402 3598 concreta'
1413 3552 1479 3594 sem

350 3637 381 3683 to
403 3645 508 3684 answer
529 3637 560 3684 to
579 3631 627 3685 the
650 3631 788 3685 ‘Variatio
812 3631 1000 3700 Inquisitionis
1024 3647 1074 3700 pro
1095 3629 1203 3683 Natura
1225 3628 1367 3696 Subjecti’
1388 3624 1419 3679 os
1436 3623 1479 3674 that

351 3713 506 3783 Aphorism
524 3715 586 3782 and,
609 3715 733 3785 perhaps,
752 3715 901 3770 ‘Latentes
919 3715 1067 3770 Processus
1089 3721 1118 3768 et
1141 3713 1273 3768 Latentss
1297 3705 1482 3765 Schematismi'

352 3806 381 3852 to
395 3798 442 3852 the
456 3799 613 3853 ‘Deductio
626 3799 661 3853 ad
674 3800 793 3854 Praxin!

387 3878 409 3911 ⁷⁸
428 3881 521 3936 These
543 3882 634 3937 words
655 3899 702 3938 are
723 3882 855 3953 probably
873 3889 967 3937 meant
989 3888 1020 3936 to
1041 3880 1210 3950 correspond
1228 3879 1296 3933 with
1316 3877 1366 3932 tha
1385 3873 1481 3944 operire

353 3965 443 4019 words
461 3964 494 4019 of
508 3966 556 4020 the
575 3966 690 4020 Preface
708 3973 740 4020 to
756 3968 805 4020 the
826 3967 990 4020 Instauratio
1008 3965 1126 4033 Magna:
1148 3963 1211 4016 ‘De
1227 3969 1301 4016 statu
1318 3960 1480 4016 scientiane,

353 4048 427 4118 quod
440 4065 495 4103 non
508 4052 544 4103 sit
555 4049 638 4104 foelix
656 4055 703 4104 aut
721 4051 856 4119 majorem
875 4051 902 4103 in
921 4050 1035 4103 modum
1051 4055 1163 4114 auctus;
1182 4047 1313 4116 quodque
1326 4044 1377 4098 alia
1388 4041 1480 4096 omnino

353 4148 435 4201 quam
449 4133 584 4202 prioribus
596 4135 706 4200 cognita
721 4133 805 4188 fuerit
817 4135 860 4188 via
878 4132 1025 4203 aperienda
1042 4133 1078 4186 sit
1097 4130 1249 4185 intellectui
1267 4128 1394 4195 humano,
1407 4131 1431 4178 et
1442 4122 1478 4174 un

353 4215 537 4283 comparanda
549 4217 655 4284 auxilia,
668 4223 699 4270 ut
712 4233 789 4270 mens
801 4233 851 4270 suo
860 4216 924 4285 jure
938 4218 965 4270 in
978 4231 1072 4270 rerum
1084 4220 1211 4268 naturam
1224 4213 1263 4266 uti
1276 4211 1379 4281 possit!

389 4295 411 4328 ²⁴
430 4298 480 4366 Cp.
495 4298 540 4353 De
553 4301 661 4368 Augm„
677 4300 724 4354 lib.
737 4301 754 4354 i.
770 4299 814 4368 (E.
827 4300 881 4353 and
895 4299 930 4367 8,,
943 4300 995 4354 vol.
1008 4299 1025 4352 i.
1038 4315 1064 4367 p.
1079 4296 1153 4365 465),
1167 4294 1283 4350 Preface
1294 4302 1326 4348 to
1340 4285 1481 4346 instauratio

353 4381 455 4447 Magna
469 4381 506 4451 (p.
518 4381 590 4450 164),
603 4384 656 4436 and
666 4383 790 4437 Valerius
799 4382 949 4436 Terminus
960 4381 1004 4452 (E.
1014 4382 1068 4435 and
1080 4382 1114 4450 S.‚
1125 4380 1177 4435 vol.
1187 4381 1223 4434 iii.
1234 4395 1278 4450 pp.
1291 4382 1385 4445 ary-8,
1397 4371 1459 4440 arel.
