3220 5102
611 402 692 461 arn.
714 403 758 460 rr.
781 409 835 478 47.
1237 408 1297 476 521

151 562 211 626 nisi
230 583 291 647 per
310 562 493 648 ingressum
513 565 621 632 maris.
667 567 799 634 Deinde
821 569 922 634 etiam
945 589 1061 634 omnes
1078 567 1144 633 sere
1162 567 1300 632 virtutes

150 669 362 749 particulares
373 670 555 734 secundum
572 673 713 736 multum
729 683 787 738 aut
799 693 937 756 parvum
952 674 1097 758 corporis
1112 682 1299 757 operantur.

147 770 270 854 Aquae
281 772 392 856 largae
403 794 470 837 non
482 774 577 838 facile
588 787 854 858 corrumpuntur3
878 780 1020 862 exiguae
1035 779 1111 844 cito.
1149 777 1299 840 Mustum

150 887 183 940 et
195 879 330 941 cervisia
343 887 568 944 maturescunt
579 878 677 962 longe
689 881 793 956 citius,
806 892 840 945 et
852 882 934 946 frunt
945 882 1112 967 potabilia,
1124 882 1157 945 in
1172 880 1300 945 utribus

149 981 265 1061 parvis,
289 1003 389 1064 quam
414 985 446 1047 in
466 983 562 1046 doliis
589 984 726 1066 magnis.
772 985 809 1051 Si
831 986 933 1050 herba
955 997 1098 1069 ponatur
1119 986 1152 1049 in
1175 984 1300 1066 majore

149 1085 302 1165 portione
324 1085 469 1168 liquoris,
493 1086 532 1150 fit
554 1087 680 1164 infusio,
704 1090 810 1171 magis
836 1111 937 1172 quam
965 1088 1184 1168 imbibitio⁴³3
1211 1091 1239 1152 si
1267 1088 1300 1150 in

150 1188 285 1264 minore,
304 1189 341 1253 fit
359 1190 533 1268 imbibitio,
554 1191 659 1273 magis
682 1212 783 1274 quarn
804 1193 931 1257 infusio.
976 1194 1081 1258 Aliud
1102 1195 1200 1276 igitur
1222 1212 1300 1274 erga

149 1311 267 1375 corpus
294 1293 475 1358 humanum
500 1303 554 1358 est
574 1293 739 1374 balneum,
763 1293 852 1360 aliud
877 1297 957 1360 levis
983 1297 1140 1363 irroratio.
1186 1297 1299 1360 Etiam

149 1397 240 1477 parvi
257 1417 344 1460 rores
360 1399 393 1460 in
408 1405 485 1462 aere
498 1418 667 1480 nunquam
687 1397 853 1478 cadunt⁴⁴,
869 1401 927 1464 sed
947 1401 1147 1483 dissipantur
1166 1408 1200 1464 et
1222 1420 1298 1464 cum

148 1506 223 1563 ae're
238 1499 498 1584 incorporantur.
543 1501 589 1567 Et
603 1503 715 1566 videre
730 1513 781 1566 est
796 1504 828 1566 in
849 1503 997 1568 anhelitu
1019 1524 1117 1587 super
1138 1522 1299 1584 gemmas,

147 1623 264 1685 parum
285 1605 365 1669 illud
387 1605 541 1684 humoris,
556 1607 650 1688 quasi
671 1607 868 1670 nubeculam
886 1618 987 1672 vento
1005 1608 1207 1690 dissipatam,
1223 1625 1300 1670 con·

148 1707 242 1772 tinuo
271 1709 364 1772 solvi.
418 1709 531 1772 Etiam
560 1709 701 1774 frustum
731 1709 881 1793 ejusdem
912 1713 1074 1796 magnetis
1104 1731 1170 1774 non
1199 1709 1300 1773 trahit

147 1819 277 1876 tanturn
300 1811 383 1891 ferri,
403 1823 565 1896 quantum
589 1830 726 1896 magnes
749 1815 884 1897 integer.
930 1814 1017 1880 Sunt
1040 1817 1140 1879 etiam
1163 1813 1299 1876 virtutes

148 1914 181 1978 in
196 1916 316 1998 quibus
331 1918 474 1998 parvitas
489 1917 607 1998 quanti
620 1917 726 2000 magis
740 1927 870 1999 potest3
902 1928 939 1983 ut
955 1919 988 1982 in
1007 1917 1298 2002 penetrationibus,

148 2017 255 2100 stylus
273 2029 389 2084 acutus
407 2021 503 2084 citius
523 2030 684 2103 penetrat,
700 2043 800 2104 quam
819 2023 978 2103 obtusus;
1000 2023 1138 2087 adamas
1158 2030 1298 2105 punctu-

147 2133 221 2186 atus
236 2124 355 2208 sculpit
370 2126 404 2189 in
418 2126 523 2204 vitro;
548 2134 582 2190 ct
597 2125 726 2189 similla.

191 2226 315 2291 Verum
339 2248 405 2292 non
427 2228 491 2318 hic=
502 2229 697 2292 morandum
721 2228 823 2292 estin
847 2229 1032 2309 indefinitis,
1053 2229 1232 2295 sedetiam
1255 2229 1299 2292 de

149 2326 329 2391 ratimibus
349 2328 468 2410 quanti
488 2327 633 2411 corporis
651 2348 728 2411 erga
747 2329 883 2392 modum
905 2330 1035 2394 virtutis
1058 2330 1298 2412 inquirendum.

150 2429 297 2495 Proclive
323 2433 410 2496 enim
437 2432 522 2495 foret
548 2432 689 2510 credere,
715 2433 805 2513 quod
836 2433 979 2497 rationes
1009 2434 1124 2516 quanti
1155 2433 1299 2495 rationes

147 2534 277 2599 virtutis
292 2536 535 2618 adaequarent3
567 2543 604 2598 ut
620 2535 646 2597 si
665 2534 733 2617 pila
750 2534 908 2617 plumbea
923 2536 1019 2600 unius
1033 2537 1149 2600 unciae
1166 2535 1298 2599 caderet

148 2637 181 2700 in
204 2639 262 2702 tali
285 2648 443 2723 tempore,
458 2639 526 2722 pila
549 2639 717 2703 unciarum
740 2639 879 2702 duarum
897 2640 1033 2704 deberet
1055 2641 1173 2704 cadere
1194 2638 1298 2721 duplo

148 2741 292 2820 celerius,
320 2745 409 2826 quod
436 2743 647 2807 falsissimum
679 2752 730 2808 est
740 2741 776 2809 ⁴⁵.
822 2743 893 2808 Nec
924 2744 1060 2808 eaedem
1091 2744 1233 2807 rationes
1264 2741 1297 2804 in

183 3010 205 3044 ‘¹
224 3013 266 3084 By
278 3013 332 3067 this
344 3014 422 3068 word
435 3014 457 3067 is
469 3019 563 3067 meant
576 3011 624 3067 the
637 3012 796 3081 absorption
809 3011 842 3066 of
850 3013 899 3066 the
911 3013 1001 3082 liquor
1012 3013 1050 3083 by
1061 3012 1108 3067 the
1121 3012 1199 3067 herb.

183 3095 205 3128 ⁴⁴
224 3097 318 3152 Bacon
331 3114 394 3161 was,
407 3097 439 3151 of
453 3113 560 3165 course,
573 3097 700 3164 ignorant
716 3095 750 3150 of
763 3096 811 3150 the
827 3103 891 3151 true
909 3097 1008 3166 theory
1020 3097 1053 3151 of
1063 3098 1142 3166 Dew,
1155 3094 1199 3151 for
1211 3095 1299 3150 which

147 3197 193 3235 see
212 3181 264 3235 Dr.
276 3181 372 3234 Wells’
391 3180 562 3235 remarkable
581 3181 703 3234 Memoir
721 3196 758 3234 ou
777 3180 824 3234 the
838 3181 952 3250 Theory
964 3181 997 3235 of
1012 3181 1091 3248 Dew,
1104 3180 1246 3250 reprinted
1262 3180 1300 3249 by

147 3264 561 3332 LongmansandCo.,in1866.
589 3267 671 3319 Some
684 3272 802 3319 account
812 3264 845 3318 ol
854 3265 905 3319 Dr.
913 3265 1009 3320 Wells’
1019 3266 1175 3320 researches
1188 3266 1209 3318 is
1222 3264 1300 3333 given

147 3349 175 3402 in
190 3349 349 3403 Herschel's
362 3349 511 3402 Discourse
523 3366 559 3403 on
573 3347 620 3402 the
634 3349 720 3419 Study
733 3348 765 3403 of
773 3347 888 3404 Natural
902 3348 1076 3420 Philosophy,
1089 3351 1122 3418 §§
1139 3351 1170 3402 16
1174 3365 1233 3416 3-9‚
1246 3349 1300 3402 and

149 3433 175 3486 in
188 3433 273 3486 Mill's
286 3433 381 3500 Logic,
393 3431 440 3486 bk.
453 3433 489 3486 iii.
501 3433 546 3488 ch.
559 3451 584 3499 9.
599 3434 614 3501 f
630 3450 654 3499 3.

183 3515 248 3571 The
265 3515 405 3583 following
421 3517 530 3570 curious
547 3532 657 3586 passage
674 3517 702 3569 ln
715 3515 763 3570 the
778 3515 903 3571 Historia
916 3516 1003 3570 Densi
1016 3522 1045 3571 et
1059 3516 1124 3570 Rari
1139 3516 1185 3587 (E.
1196 3515 1251 3568 and
1265 3516 1301 3581 8.,

145 3600 199 3655 vol.
213 3601 239 3655 ii.
252 3616 279 3669 p.
294 3599 357 3668 ²9¹)
372 3601 401 3667 is,
418 3600 543 3669 perhaps,
560 3600 650 3654 worth
669 3599 867 3667 transcribing:
887 3598 992 3652 ‘Rores
1010 3599 1137 3652 matutini
1155 3605 1218 3650 sunt
1236 3613 1302 3665 pro-

146 3683 276 3738 culdubio
291 3700 412 3752 vapores,
426 3683 473 3752 qui
492 3685 520 3736 in
538 3699 631 3737 aerem
649 3699 748 3752 purum
766 3698 822 3737 non
841 3688 920 3736 erant
939 3683 1019 3750 plene
1038 3681 1158 3750 dissipati
1175 3686 1204 3733 et
1223 3680 1302 3745 versi,
1321 3718 1328 3732 .

145 3769 194 3822 sed
214 3767 365 3822 haerebant
387 3766 549 3836 imperfecte
570 3767 652 3833 misti,
674 3767 764 3820 donec
785 3782 835 3834 per
856 3765 958 3831 frigora
977 3766 1074 3832 noctis,
1094 3763 1254 3834 praesertim
1272 3764 1301 3815 in

146 3851 258 3918 regione
272 3849 363 3904 media
374 3865 456 3920 quam
469 3857 568 3903 vocant
584 3851 662 3916 aeris,
675 3849 778 3902 fuerint
795 3847 955 3916 repercussi,
968 3854 996 3901 et
1013 3848 1041 3900 in
1060 3864 1160 3916 aquam
1177 3845 1300 3901 conden-

145 3935 215 3989 sati!
254 3935 311 3989 For
322 3934 439 3988 another
452 3934 613 4001 interesting
625 3949 743 4001 passage,
756 3947 802 3986 see
816 3931 894 4001 Sylva
907 3931 1057 3999 Sylvarum,
1072 3932 1141 4000 Exp.
1155 3937 1199 3985 81.

181 4015 205 4050 ⁴⁸
223 4017 294 4072 This
311 4033 432 4088 passage,
451 4018 600 4086 compared
618 4016 683 4070 with
703 4015 748 4069 De
767 4015 936 4082 llugmentis,
955 4031 979 4068 v.
1000 4032 1013 4066 a
1036 4015 1081 4084 (E.
1097 4015 1151 4068 and
1169 4017 1205 4078 S,
1217 4013 1270 4068 vol.
1283 4014 1301 4068 i.

144 4119 172 4171 p.
191 4101 266 4172 625),
284 4102 372 4156 shews
393 4108 486 4172 pretty
503 4100 686 4169 conclusively
702 4098 762 4154 that
781 4099 875 4152 Bacon
899 4115 954 4152 was
976 4097 1141 4168 acquainted
1163 4097 1230 4151 with
1252 4097 1300 4151 the

145 4187 333 4256 experiments
345 4202 382 4239 on
394 4185 488 4253 falling
503 4185 599 4239 bodies
616 4184 697 4238 made
712 4182 749 4253 by
762 4182 868 4236 Galileo
887 4179 958 4235 from
977 4183 1024 4235 the
1043 4182 1151 4248 leaning
1168 4188 1256 4236 tower
1272 4179 1305 4235 of

145 4268 216 4338 Pisa,
227 4269 333 4336 though
346 4269 381 4324 he
394 4270 524 4323 nowhere
536 4269 675 4322 mentions
687 4267 815 4321 Galileo's
827 4281 907 4320 name
920 4267 946 4320 in
960 4266 1125 4319 connection
1138 4266 1204 4318 with
1217 4266 1304 4318 them.

148 4354 261 4420 lndeed,
274 4353 322 4406 the
335 4369 445 4422 passage
458 4359 486 4407 at
502 4354 550 4406 the
567 4352 715 4420 beginning
732 4347 765 4405 of
780 4350 828 4404 the
846 4350 950 4404 second
967 4350 1118 4418 paragraph
1136 4350 1164 4402 in
1182 4348 1230 4403 the
1250 4349 1304 4402 last

145 4437 292 4508 Aphorism
311 4453 400 4491 seems
418 4442 449 4490 to
466 4437 541 4490 shew
558 4437 618 4490 that
636 4435 672 4489 he
689 4451 743 4489 was
761 4433 850 4489 either
868 4433 1041 4503 imperfectly
1055 4432 1218 4503 acquainted
1235 4432 1301 4485 with

143 4521 221 4576 these
242 4521 427 4592 experiments
448 4536 482 4575 or
500 4519 562 4574 that
584 4519 619 4575 he
638 4519 686 4574 did
705 4525 756 4574 not
773 4519 928 4589 altogether
946 4525 1044 4588 accept
1062 4517 1110 4572 the
1129 4517 1302 4572 conclusions
