3208 5094
355 407 419 492 580
734 415 892 472 NOVUM
913 413 1130 471 ORGANUM.

354 579 508 646 voluntas
536 579 682 646 humana
706 579 782 665 plus
808 580 914 663 possit
937 599 1039 662 quam
1065 575 1289 642 animantium
1313 577 1485 639 steterornn

355 705 454 767 super
478 705 597 768 corpus
620 705 717 748 suum
728 681 777 769 ⁴¹),
802 692 878 766 post
903 681 1143 766 experientiam
1167 680 1294 744 factam
1326 674 1377 764 (ut
1397 679 1486 762 aiunt).

353 796 516 869 tanquam
546 787 590 851 ab
619 786 765 851 humana
796 795 915 850 natura
945 806 1011 849 non
1046 783 1237 862 tolerabilis,
1269 782 1340 846 iere
1375 784 1487 845 evanut

354 891 470 955 Etiam
500 891 659 955 materiae
689 891 838 956 diversae
869 889 1159 975 putrefactionum,
1187 888 1286 953 unde
1321 885 1488 950 animalcula

353 1003 561 1077 generantur,
573 995 746 1058 notandae
761 1003 848 1058 sunt.
1329 982 1330 992 ¹

400 1095 517 1180 Atque
539 1118 720 1162 consensus
744 1117 919 1180 corporum
941 1095 1171 1180 principalium
1197 1115 1282 1177 erga
1300 1091 1488 1157 subordinat

356 1199 453 1265 sua4²
476 1199 574 1286 (tales
597 1201 685 1264 enim
705 1201 728 1264 ii
751 1201 878 1284 possint
901 1199 1025 1264 censeri
1047 1219 1130 1281 quos
1151 1192 1363 1281 notavimus)
1384 1195 1487 1260 satisin

354 1313 471 1387 aperto
494 1313 580 1370 sunt
626 1304 757 1387 Quibus
779 1305 858 1370 addi
881 1311 1020 1386 possunt
1047 1321 1201 1366 sensuum
1228 1322 1412 1366 consensus
1433 1319 1488 1380 erga

357 1408 491 1491 objecta
515 1429 584 1473 sua.
630 1408 698 1491 Qui
723 1429 910 1488 consensus,
937 1427 1013 1472 eum
1043 1406 1309 1471 manifestissimi
1337 1405 1408 1478 sint,
1427 1404 1489 1466 benc

357 1514 472 1591 notati,
495 1522 529 1577 et
554 1513 674 1577 acriter
700 1512 840 1590 excussi,
863 1512 965 1576 etiam
986 1511 1060 1576 aliis
1081 1511 1303 1576 consensibus
1330 1509 1386 1591 qui
1409 1508 1489 1570 latent

357 1637 513 1700 magnam
529 1615 687 1700 praebere
701 1617 829 1699 possint
845 1615 962 1680 lucem.

401 1721 453 1786 At
468 1722 637 1786 interiores
653 1741 827 1804 corporum
844 1739 1022 1785 consensus
1037 1727 1071 1782 et
1086 1719 1193 1802 fugae,
1207 1718 1281 1782 sive
1300 1716 1453 1782 amicitiae
1466 1725 1488 1776 et

357 1823 432 1888 lites
447 1821 575 1910 (taedet
597 1824 686 1888 enim
708 1845 770 1887 nos
792 1823 860 1887 fere
881 1821 1116 1886 vocabulorum
1139 1821 1358 1905 sympathiae
1379 1828 1410 1884 et
1427 1816 1487 1882 anti

358 1927 500 2009 pathiae,
516 1937 651 2010 propter
673 1927 922 2010 superstitiones
946 1936 980 1990 et
1002 1923 1136 2011 inania),
1150 1937 1210 1990 aut
1232 1926 1323 1990 falso
1348 1923 1485 2004 ascriptae

357 2039 416 2093 aut
438 2030 558 2093 fabulis
581 2049 785 2113 conspersae,
805 2037 863 2093 aut
886 2049 945 2112 per
968 2029 1156 2111 neglectum
1165 2029 1193 2067 ⁴³
1216 2049 1314 2093 rarae
1336 2026 1485 2092 admodum

356 2141 444 2196 sunt.
490 2132 625 2198 Etenim
641 2135 668 2198 si
683 2133 757 2217 quis
771 2142 897 2198 asserat
912 2133 998 2198 inter
1011 2134 1143 2198 vineam
1158 2143 1193 2198 et
1208 2129 1426 2198 brassicam⁴⁴
1438 2148 1486 2191 esse

359 2348 393 2404 of
401 2365 417 2402 a
430 2347 500 2415 Bull,
514 2349 541 2401 in
555 2346 645 2402 which
658 2347 706 2401 the
722 2347 863 2402 Latinised
880 2347 953 2400 form
971 2346 1004 2400 of
1018 2348 1067 2402 the
1080 2349 1172 2403 Order
1188 2349 1210 2403 is
1223 2347 1410 2418 Congregatio
1422 2342 1487 2397 rent

360 2433 451 2487 lensis.
488 2433 500 2485 l
515 2432 583 2486 have
595 2431 696 2485 loohed
709 2431 828 2499 through
840 2432 888 2485 the
900 2431 974 2486 book
987 2431 1020 2485 of
1031 2432 1170 2487 Morotius
1184 2432 1211 2502 (a
1223 2449 1297 2504 copy
1310 2431 1345 2487 of
1354 2429 1434 2484 which
1444 2427 1485 2480 isia

360 2517 411 2570 the
431 2515 627 2585 Bibliotheque
646 2513 814 2584 Nationale),
832 2515 949 2570 entitled
967 2515 1111 2570 ‘Cistercii
1129 2517 1355 2582 Reflorescentis,
1367 2513 1486 2574 seuCossl·

362 2599 734 2655 Cistemio-Monasticarum
752 2599 785 2654 B.
805 2599 911 2652 Mariae
931 2599 1065 2654 Fuliensis
1083 2601 1111 2654 in
1130 2601 1218 2654 Gallia
1238 2607 1269 2654 et
1290 2599 1485 2654 Reformatorun

362 2686 389 2738 S.
409 2684 542 2738 Bemardi
561 2685 590 2736 ln
609 2683 696 2750 ltalia,
712 2682 915 2750 Chronologica
935 2682 1077 2750 Historia,'
1096 2682 1289 2752 Turln,1690,
1309 2683 1364 2738 and
1381 2680 1431 2734 find
1445 2677 1486 2730 nn

362 2767 440 2820 these
453 2767 551 2820 monks
563 2783 611 2820 are
622 2767 702 2820 there
717 2766 807 2836 styled
824 2767 833 2796 ⁴
844 2765 866 2818 F
868 2766 1002 2833 ulienses,'
1014 2768 1069 2820 and
1085 2783 1177 2836 never,
1189 2783 1221 2821 so
1233 2767 1278 2821 far
1288 2784 1320 2822 as
1332 2783 1378 2837 my
1389 2765 1486 2818 observa

362 2852 422 2906 tion
435 2851 559 2919 extends,
574 2850 702 2905 Folitani.

396 2932 418 2965 ⁴¹
438 2936 482 2988 On
500 2935 548 2988 the
566 2933 718 3003 reciprocal
736 2933 829 2988 aetion
846 2932 881 2986 of
896 2932 977 2986 Mind
993 2933 1048 2987 aad
1063 2933 1151 3004 Body,
1163 2950 1209 2989 see
1223 2935 1268 2988 De
1280 2936 1383 3004 Augm.
1394 2932 1443 2986 iar
1456 2927 1485 2996 (F.

361 3019 417 3071 and
431 3019 465 3084 S,
479 3019 532 3072 vol.
546 3019 563 3072 i.
575 3034 620 3086 pp.
634 3016 744 3087 583-6).

397 3097 420 3130 ⁴²
438 3101 508 3154 This
521 3102 542 3153 is
554 3102 705 3155 somewhat
717 3100 844 3162 obscure,
857 3099 909 3153 but
920 3099 995 3153 what
1012 3100 1034 3154 is
1051 3107 1155 3168 meant,
1169 3101 1181 3153 1
1195 3100 1285 3169 think,
1299 3103 1324 3156 is
1339 3101 1386 3154 the
1398 3103 1485 3152 conant

362 3182 490 3236 between
508 3183 556 3237 the
574 3185 709 3251 ‘corpora
729 3183 902 3252 principalia'
924 3183 980 3236 and
1001 3183 1074 3237 their
1096 3183 1239 3250 ‘fomites'
1259 3185 1309 3240 the
1331 3186 1412 3238 latter
1427 3180 1485 3241 being

362 3264 497 3333 regarded
509 3281 538 3317 as
551 3265 761 3319 ‘subordinate’
774 3272 806 3320 to
817 3267 865 3320 the
878 3283 926 3320 use
939 3266 971 3321 os
980 3266 1028 3320 the
1041 3267 1155 3322 former.
1192 3268 1256 3322 The
1268 3275 1407 3335 sentence,
1417 3264 1484 3318 there

362 3350 433 3416 fore,
446 3351 468 3402 is
480 3349 577 3418 simply
589 3365 605 3401 a
617 3347 759 3402 reference
771 3350 842 3403 back
854 3356 885 3403 to
897 3349 946 3404 the
958 3351 1009 3404 last
1020 3351 1180 3420 paragraph.

399 3432 423 3464 ⁴⁸
441 3433 518 3487 That
536 3434 571 3509 is,
582 3431 702 3499 through
720 3433 880 3500 negligence
898 3435 926 3487 in
945 3433 1090 3502 obserwing
1107 3433 1193 3489 thern
1230 3437 1313 3488 Some
1333 3433 1366 3489 of
1380 3429 1484 3487 melate

363 3517 483 3574 editions
500 3519 570 3571 have
587 3533 603 3570 a
622 3531 732 3570 comma
749 3515 822 3571 after
839 3517 1033 3586 ‘neglectum’
1050 3518 1140 3572 which
1157 3517 1252 3572 makes
1269 3518 1318 3572 the
1337 3529 1437 3588 passage
1450 3526 1485 3564 un

363 3601 531 3670 intelligible.

401 3685 423 3716 ¹⁴
440 3685 505 3739 The
525 3683 655 3752 cabbage.
699 3681 756 3736 For
777 3681 813 3735 its
834 3683 981 3736 medicinal
1004 3684 1167 3752 propertius,
1186 3684 1241 3738 and
1259 3684 1294 3738 its
1316 3682 1439 3745 varietlcs,
1454 3690 1484 3729 π

367 3771 439 3824 Cato
460 3770 495 3823 de
519 3769 562 3822 Re
583 3766 704 3834 Rustica,
726 3769 821 3832 156-7.
868 3765 916 3820 He
940 3783 1016 3837 says:
1043 3768 1086 3820 ‘Si
1107 3769 1181 3821 voles
1203 3769 1231 3821 in
1251 3768 1377 3822 convivio
1396 3763 1483 3819 multum

365 3853 470 3921 bibere,
483 3867 656 3920 coenareque
673 3850 802 3918 libenter,
814 3855 879 3904 ante
896 3866 1011 3905 coenam
1028 3857 1089 3905 esto
1106 3851 1218 3904 crudam
1238 3858 1372 3920 quantum
1389 3849 1451 3902 voles
1463 3857 1485 3896 u

365 3942 454 3993 aceto.
497 3936 535 3989 Et
554 3936 622 3988 item
644 3933 691 3987 ubi
712 3934 879 4000 coenaveris,
900 3939 1025 3987 comesto
1046 3935 1145 4003 aliqua.
1187 3934 1243 3988 Ubi
1263 3935 1329 3989 folia
1350 3933 1486 3989 reddenttr

365 4021 441 4089 quasi
461 4019 526 4073 nihil
548 4017 653 4086 ederis3
674 4016 830 4087 biber-isque
852 4016 986 4087 bibesque
1004 4025 1138 4086 quantum
1155 4019 1248 4073 volm'
1284 4019 1335 4088 Cp.
1359 4012 1485 4074 Columella

365 4119 411 4157 rur.
427 4120 450 4168 3.

400 4186 457 4240 Mr.
477 4184 591 4240 Kitchin
610 4183 698 4238 refers
716 4189 747 4238 to
766 4184 878 4252 Cicero,
897 4185 943 4238 De
961 4183 1069 4239 Natura
1087 4185 1222 4253 Deorum,
1240 4185 1268 4240 ii.
1286 4201 1336 4251 47:
1358 4187 1424 4252 ‘Age
1439 4184 1483 4233 ut²

365 4269 528 4324 caelestibus
546 4269 629 4321 rebus
652 4267 688 4321 ad
709 4273 856 4322 terrestres
877 4268 1032 4338 veniamus;
1061 4269 1127 4338 quid
1148 4275 1191 4323 est
1212 4270 1240 4322 iu
1260 4269 1311 4338 his,
1332 4271 1483 4338 inquom

364 4357 479 4407 naturae
501 4352 572 4406 ratio
593 4351 771 4418 intelligentis
795 4355 976 4420 apparenti*
998 4370 1012 4397 r
1030 4371 1044 4398 ι
1062 4354 1125 4423 Jam
1145 4369 1211 4408 vero
1229 4354 1300 4407 vites
1320 4353 1359 4408 sic
1380 4344 1485 4407 claviculis

364 4435 536 4502 adminicula,
560 4439 692 4503 tanquam
716 4435 851 4500 manibus,
875 4436 1095 4506 apprehendunt,
1120 4442 1204 4506 atque
1228 4451 1257 4491 se
1282 4436 1320 4492 ita
1343 4432 1482 4504 enguutul

368 4516 528 4590 animantes.
568 4517 644 4584 Quin
665 4516 749 4572 etiam
767 4534 786 4572 a
805 4519 928 4574 caulibus
946 4519 1136 4590 brassicisque,
1154 4521 1177 4574 ei
1197 4526 1312 4590 propter
1331 4520 1382 4575 sati
1397 4515 1482 4580 delli
