3306 5102
669 408 751 468 LIB.
774 414 816 470 ΙΙ.
843 423 893 472 12.
1294 412 1357 496 369

207 581 240 636 et
256 574 397 656 pellibus
413 585 446 640 et
462 577 582 659 plumis
599 587 632 642 et
647 578 837 662 hujusmodi
856 579 914 644 fiat
933 601 977 643 ex
994 581 1140 662 quodam
1156 581 1235 644 exili
1251 581 1359 646 calore

207 677 407 759 inhaerente,
420 691 583 763 quatenus
599 693 820 746 excernuntur
834 682 877 747 ab
893 683 1104 762 animalibus3
1123 695 1181 748 aut
1198 687 1299 749 etiam
1314 687 1358 749 ob

206 783 442 864 pinguedinem
466 787 634 866 quandam
656 796 690 849 et
712 785 929 861 oleositatem,
950 809 1036 870 quae
1057 789 1100 851 sit
1122 799 1260 852 naturae
1283 810 1360 854 con-

206 907 308 968 gruae
330 909 404 953 curn
428 897 561 971 tepore3
585 888 637 953 vel
660 889 758 971 plane
780 891 823 954 ob
843 891 1086 956 conclusionem
1107 902 1140 956 et
1164 892 1358 956 fractionem

207 993 299 1070 aeris,
324 1003 360 1057 ut
387 994 419 1056 in
446 994 583 1057 articulo
605 995 824 1075 praecedente
846 995 971 1058 dictum
996 1005 1055 1060 est.
1099 996 1243 1061 Videtur
1270 997 1359 1061 enim

207 1097 315 1159 omnis
331 1105 387 1160 aer
401 1098 562 1161 abscissus
581 1119 601 1160 a
622 1098 838 1161 continuitate
858 1099 942 1161 ae'ris
964 1099 1112 1164 forinseci
1134 1101 1255 1166 habere
1278 1122 1359 1164 non·

208 1198 287 1261 nihil
304 1203 435 1282 teporis.
481 1202 600 1283 Itaque
615 1201 674 1264 fiat
689 1202 956 1284 experimentum
974 1204 1006 1265 in
1028 1204 1155 1267 fibrosis
1175 1227 1260 1287 quae
1276 1205 1359 1270 fiunt

207 1322 251 1364 ex
275 1303 342 1366 lino
355 1326 362 1382 ;
387 1325 451 1368 non
475 1327 518 1368 ex
542 1307 617 1368 lana
640 1314 698 1369 aut
720 1305 841 1388 plumis
860 1316 918 1369 aut
939 1307 1050 1384 seric0,
1069 1330 1155 1390 quae
1177 1330 1359 1374 excernun-

206 1416 260 1470 tur
281 1408 324 1470 ab
347 1410 509 1473 animatis.
555 1409 750 1472 Notandum
774 1419 823 1473 est
848 1410 957 1488 etiam,
980 1431 1093 1474 omnes
1115 1412 1266 1493 pulveres
1289 1411 1359 1499 (ubi

208 1511 382 1575 manifesto
409 1512 583 1576 includitur
607 1509 675 1598 ae'r)
701 1512 809 1576 minus
835 1533 906 1576 esse
933 1513 1067 1595 frigidos
1094 1536 1194 1596 quam
1222 1537 1360 1598 corpora

207 1596 334 1697 integra
350 1616 533 1695 ipsorum¹³3
563 1616 846 1698 quemadmodum
863 1616 962 1680 etiam
979 1618 1209 1682 existimamus
1225 1640 1359 1684 omnem

206 1739 360 1800 spumam
384 1717 515 1805 (utpote
537 1741 623 1802 quae
644 1725 754 1782 a'e'rem
777 1717 959 1807 contineat)
982 1723 1089 1785 minus
1112 1743 1183 1786 esse
1206 1723 1358 1805 frigidam

206 1844 306 1906 quarn
330 1824 490 1905 liquorem
514 1824 632 1906 ipsum.

232 1943 266 1983 nu
277 1949 326 1992 14⁸0
336 1949 377 1983 re.
425 1925 512 1990 Huic
533 1949 600 1990 non
620 1925 830 2009 subjungitur
844 1927 1005 2009 negativa.
1051 1929 1144 1994 Nihil
1163 1930 1250 1995 enim
1267 1951 1359 2014 repe-

207 2029 288 2092 ritur
307 2031 396 2111 apud
419 2051 478 2094 nos
499 2031 567 2094 sive
587 2032 746 2114 tangibile
768 2032 836 2095 sive
856 2032 1003 2114 spiritale
1014 2032 1048 2109 ¹⁰,
1071 2037 1160 2116 quod
1183 2038 1358 2100 admotum

207 2132 274 2214 igni
293 2154 360 2196 non
381 2135 527 2216 excipiat
548 2135 700 2200 calorem.
746 2136 785 2198 In
809 2156 848 2198 eo
868 2146 981 2199 tamen
1003 2138 1167 2217 differunt,
1183 2142 1273 2222 quod
1294 2141 1360 2204 alia

207 2237 376 2319 excipiant
392 2239 533 2302 calorem
550 2241 651 2314 citius,
669 2249 704 2303 ut
720 2238 812 2318 ae'r¹¹‚
828 2241 948 2315 oleum,
966 2248 998 2302 et
1013 2262 1121 2322 aqua3
1144 2242 1209 2306 alia
1224 2244 1358 2318 tardius,

206 2351 244 2405 ut
265 2341 347 2425 lapis
362 2351 403 2407 ‘et
427 2342 570 2409 metalla.
614 2345 739 2407 Verum
763 2342 826 2407 hoc
849 2343 992 2425 pertinet
1018 2345 1061 2408 ad
1089 2345 1247 2410 Tabulam
1274 2346 1359 2411 Gra-

205 2444 316 2510 duum.

231 2567 326 2617 run¹¹¹¹
336 2574 376 2608 21⁸.
425 2551 514 2615 Huic
550 2551 733 2614 Instantiae
765 2571 832 2613 non
865 2550 1073 2632 subjungitur
1105 2553 1257 2634 negativa
1286 2553 1359 2632 alia,

207 2674 307 2736 quam
337 2663 374 2718 ut
403 2655 488 2718 bene
518 2665 651 2718 notetur
680 2675 746 2718 non
778 2655 915 2718 excitari
945 2655 1103 2719 scintillas
1135 2678 1178 2719 ex
1208 2657 1299 2720 silice
1326 2666 1359 2722 et

206 2757 347 2840 chalybe
370 2769 427 2823 aut
449 2759 514 2822 alia
536 2758 646 2842 aliqua
672 2759 857 2823 substantia
880 2759 961 2822 dura
984 2759 1045 2822 nisi
1068 2760 1123 2823 ubi
1147 2762 1359 2824 excutiuntur

207 2862 366 2925 minutiae
380 2862 511 2944 aliquae
531 2883 575 2925 ex
596 2862 667 2944 ipsa
688 2861 873 2926 substantia
895 2861 1014 2943 lapidis
1028 2862 1081 2925 vel
1102 2864 1234 2938 metalli,
1251 2884 1359 2944 neque

207 2971 317 3028 a'e'rem
337 2967 488 3029 attritum
511 2987 655 3048 unquam
677 2986 736 3047 per
756 2987 791 3029 se
811 2986 969 3048 generare
990 2966 1147 3029 scintillas
1156 2965 1190 3044 ¹¹,
1207 2977 1243 3031 ut
1257 2965 1358 3048 vulgo

206 3079 345 3152 putant3
380 3072 457 3153 quin
491 3080 524 3134 et
553 3071 645 3152 ipsae
678 3070 753 3134 illae
782 3070 943 3153 scintillae
971 3089 1014 3132 ex
1043 3071 1187 3151 pondere
1214 3071 1358 3153 corporis

240 3340 251 3372 ¹
269 3342 340 3396 This
352 3344 553 3397 circumstance
566 3344 596 3412 is,
609 3341 641 3396 of
654 3359 760 3410 course,
774 3342 828 3396 due
847 3349 877 3396 to
895 3342 942 3396 the
961 3341 1014 3396 bad
1032 3344 1199 3412 conducting
1216 3361 1311 3413 power
1328 3343 1360 3398 of

204 3425 251 3479 air.
289 3429 341 3480 See
354 3435 420 3482 note
433 3431 448 3479 6
461 3428 556 3482 above.

240 3507 262 3540 ¹⁰
280 3510 344 3564 The
357 3512 435 3564 word
447 3513 468 3565 is
481 3511 618 3580 evidently
631 3510 698 3563 used
714 3509 741 3562 in
759 3509 813 3564 this
831 3510 916 3578 place,
929 3517 979 3564 not
997 3527 1026 3564 as
1044 3512 1166 3581 opposed
1184 3516 1214 3564 to
1232 3510 1358 3564 material

204 3607 238 3645 or
249 3597 399 3662 corporeal,
412 3597 463 3648 but
475 3613 503 3648 as
515 3595 642 3664 applying
653 3600 683 3647 to
695 3593 825 3646 aeriform
837 3593 925 3648 fluids.

240 3673 260 3706 ¹¹
279 3677 375 3732 There
387 3681 408 3732 is
421 3695 436 3732 a
449 3679 592 3732 confusion
604 3678 670 3732 here
687 3678 814 3732 between
831 3678 879 3730 the
896 3677 1030 3731 radiation
1047 3677 1079 3730 of
1093 3677 1157 3730 heat
1173 3676 1291 3742 through
1308 3676 1355 3728 the

204 3762 245 3814 air
257 3762 310 3816 and
323 3763 370 3816 the
383 3762 570 3830 conductivity
584 3761 615 3815 of
626 3761 666 3814 air
678 3760 759 3814 itself.
798 3761 825 3813 li
835 3777 876 3813 we
890 3761 981 3814 kindle
994 3777 1010 3814 a
1023 3760 1072 3813 lire
1090 3761 1117 3812 in
1134 3776 1151 3812 a
1167 3775 1254 3825 mom,
1268 3775 1309 3812 we
1326 3765 1355 3812 at

203 3861 274 3898 once
286 3845 339 3899 feel
356 3847 404 3899 the
416 3845 559 3900 increased
571 3843 686 3897 warmth
699 3842 820 3909 through
837 3843 987 3912 radiation3
1007 3843 1058 3896 but
1076 3842 1098 3894 if
1113 3857 1155 3895 we
1168 3842 1320 3909 extinguish
1333 3842 1355 3896 it

202 3927 309 3998 shortly
327 3928 495 3996 afterwards,
514 3929 535 3982 it
554 3929 607 3981 will
625 3927 660 3979 be
679 3924 765 3979 found
783 3925 844 3978 that
864 3926 911 3978 the
930 3933 1117 3993 temperature
1134 3925 1166 3978 of
1181 3925 1230 3978 the
1248 3926 1289 3978 air
1307 3925 1355 3978 has

202 4011 298 4080 hardly
319 4013 391 4066 been
416 4011 585 4082 perceptibly
607 4009 758 4063 increased.
795 4007 859 4061 The
883 4009 951 4075 glass
976 4009 1137 4062 lire-screen
1159 4009 1180 4060 is
1201 4025 1218 4061 a
1238 4007 1355 4060 familiar

203 4094 365 4150 illustration
384 4096 416 4150 of
431 4097 480 4150 the
498 4111 573 4150 same
591 4093 732 4162 principle.
770 4091 881 4154 Metals,
895 4108 932 4144 on
949 4092 998 4145 the
1017 4092 1098 4144 other
1116 4091 1197 4158 hand,
1214 4107 1261 4146 are
1277 4092 1355 4160 rapid

202 4179 378 4246 conductore,
397 4197 426 4234 as
443 4197 485 4234 we
504 4196 567 4248 may
586 4182 640 4232 test
661 4177 698 4246 by
716 4175 789 4229 their
808 4175 932 4230 coldness
953 4181 984 4230 to
1003 4177 1051 4229 the
1072 4175 1158 4229 touch
1178 4176 1207 4228 in
1225 4175 1354 4245 ordinary
1399 4211 1401 4216 -

201 4267 412 4328 temperatures.

237 4341 259 4375 ¹¹
278 4347 328 4398 See
343 4346 470 4415 Tyndall,
492 4346 567 4399 Heat
579 4363 594 4398 a
608 4345 695 4399 Mode
712 4342 744 4397 of
759 4342 907 4410 Motion‚§
924 4360 936 4396 a
942 4359 973 4408 5:
992 4340 1102 4394 ‘When
1119 4340 1167 4394 the
1184 4340 1259 4394 airis
1276 4357 1353 4396 conr-

200 4431 321 4498 pressed,
334 4431 398 4484 heat
411 4432 433 4484 is
444 4430 577 4498 suddenly
590 4429 749 4496 generated.
786 4427 895 4480 Tinder
907 4443 969 4496 may
981 4427 1017 4480 be
1034 4424 1137 4492 ignited
1155 4425 1191 4494 by
1203 4425 1258 4478 this
1270 4424 1352 4480 heat!

203 4513 386 4584 Compressed
398 4515 447 4584 air,
460 4515 540 4569 when
553 4514 705 4583 expanded‚
718 4528 756 4566 on
769 4511 817 4564 the
830 4511 910 4565 other
922 4509 1004 4578 hand,
1017 4509 1064 4563 has
1076 4525 1093 4562 a
1105 4508 1213 4578 chilling
1225 4508 1317 4566 effect.

746 4601 808 4664 sb
