3308 5106
546 441 821 502 arsraravrro
845 441 1004 504 operere.
1289 437 1350 524 169

200 607 289 672 enim
308 629 360 674 res
376 608 421 674 ita
436 609 505 693 geri
521 611 710 689 consuevit3
732 619 769 674 ut
784 629 804 673 a
819 629 914 674 sensu
932 617 965 673 et
980 606 1230 691 particularibus
1244 609 1352 691 primo

200 712 275 777 loco
296 714 340 777 ad
361 715 508 778 maxime
530 713 696 797 generalia
713 712 894 791 advoletur,
909 722 1069 796 tanquam
1087 713 1131 777 ad
1153 713 1248 796 polos
1265 712 1352 776 fixos

202 817 287 880 circa
302 837 386 900 quos
401 818 640 900 disputationes
655 827 843 896 vertantur3
866 818 909 881 ab
930 818 994 881 illis
1014 827 1143 881 caetera
1162 837 1222 899 per
1241 817 1352 882 media

202 922 407 986 deriventur:
444 923 497 985 via
527 931 615 986 certe
649 907 902 1003 compendiaria,
932 921 991 984 sed
1028 921 1208 1004 praecipiti,
1238 930 1271 986 et
1308 923 1350 985 ad

203 1035 356 1089 naturam
382 1027 549 1108 impervia,
573 1026 616 1088 ad
639 1025 880 1106 disputationes
902 1044 980 1087 vero
1006 1025 1138 1106 proclivi
1165 1035 1198 1087 et
1223 1043 1353 1088 accom-

202 1129 349 1193 modata.
392 1129 445 1193 At
474 1130 655 1194 secundum
686 1148 756 1206 nos,
779 1127 951 1191 axiomata
981 1129 1187 1192 continenter
1215 1137 1249 1191 et
1279 1148 1353 1210 gra·

201 1232 307 1296 datim
331 1233 527 1309 excitantur,
549 1241 586 1296 ut
604 1231 734 1295 nonnisi
757 1240 924 1314 postremo
947 1229 1021 1295 loco
1043 1232 1087 1295 ad
1108 1229 1354 1313 generalissima

200 1336 370 1400 veniatur:
394 1357 433 1400 ea
453 1355 533 1400 vero
555 1333 804 1418 generalissima
824 1335 971 1397 evadunt
993 1353 1060 1397 non
1084 1334 1271 1413 notionalia,
1294 1336 1354 1399 sed

200 1439 287 1503 bene
313 1429 497 1517 terminata,
520 1448 555 1503 et
580 1438 660 1502 talia
686 1458 772 1520 quae
798 1445 917 1501 natura
940 1446 977 1501 ut
1001 1457 1113 1500 revera
1140 1439 1201 1500 sibi
1227 1440 1354 1503 notiora

200 1553 369 1626 agnoscat,
383 1563 535 1626 quaeque
553 1542 651 1606 rebus
668 1539 826 1605 haereant
840 1541 875 1602 in
891 1539 1051 1604 medullis.

245 1646 296 1709 At
319 1647 352 1709 in
374 1647 482 1711 forma
504 1647 577 1729 ipsa
599 1665 732 1728 quoque
753 1644 962 1722 inductionis,
985 1654 1019 1708 et
1037 1642 1162 1726 judicio
1184 1647 1272 1727 quod
1296 1667 1355 1730 per

202 1769 277 1814 eam
301 1750 348 1826 fit,
371 1771 455 1833 opus
481 1748 580 1832 longe
603 1747 788 1811 maximum
810 1767 993 1811 movemus
1039 1747 1091 1810 Ea
1113 1748 1200 1810 enim
1224 1750 1266 1813 de
1288 1770 1354 1832 qua

201 1853 366 1918 dialectici
388 1854 575 1936 loquuntur,
597 1873 684 1934 quae
711 1852 861 1935 procedit
884 1872 944 1933 per
969 1852 1250 1916 enumerationem
1276 1855 1353 1917 sim-

200 1956 333 2039 plicem,
349 1958 473 2039 puerile
489 1956 648 2039 quiddam
664 1965 724 2035 est,
740 1965 773 2022 et
794 1956 940 2037 precario
960 1956 1139 2032 concludit,
1155 1964 1189 2020 et
1209 1957 1354 2038 periculo

200 2060 244 2124 ab
274 2061 430 2126 instantia
461 2059 715 2125 contradictoria
747 2059 934 2141 exponitur,
964 2068 998 2122 et
1032 2069 1190 2124 consueta
1223 2069 1353 2126 tanturn

201 2165 356 2241 intuetur,
373 2185 434 2229 nec
450 2165 578 2228 exitum
594 2164 725 2244 reperit.

245 2267 353 2351 Atqui
382 2289 466 2352 opus
492 2277 543 2332 est
570 2268 613 2331 ad
643 2267 795 2331 scientias
821 2265 1018 2331 inductionis
1044 2265 1151 2330 forma
1179 2267 1245 2346 tali,
1269 2289 1353 2351 quae

202 2373 441 2454 experientiam
464 2371 572 2436 solvat
593 2381 627 2434 et
653 2379 793 2453 separet,
815 2378 849 2433 et
875 2391 934 2452 per
957 2369 1163 2434 exclusiones
1188 2391 1227 2435 ac
1254 2371 1353 2452 rejec-

201 2476 309 2538 tiones
330 2475 460 2540 debitas
483 2474 665 2539 necessario
688 2473 875 2538 concludat.
921 2471 1021 2554 Quod
1044 2473 1071 2535 si
1090 2471 1249 2554 judicium
1273 2474 1352 2538 illud

201 2578 374 2661 vulgatum
389 2578 635 2643 dialecticorum
656 2587 726 2641 tam
742 2596 918 2659 operosum
936 2575 1041 2654 luerit,
1057 2584 1091 2640 et
1111 2585 1205 2640 tanta
1224 2577 1354 2658 ingenia

201 2683 405 2760 exercuerit;
429 2691 555 2765 quanto
576 2681 680 2763 magis
700 2679 919 2743 laborandum
940 2687 991 2742 est
1007 2679 1039 2740 in
1055 2677 1118 2742 hoc
1133 2679 1246 2756 altero,
1263 2681 1351 2762 quod

203 2805 269 2849 non
294 2794 425 2850 tanturn
451 2805 495 2851 ex
522 2785 642 2849 mentis
668 2783 900 2869 penetralibus
927 2783 986 2846 sed
1017 2783 1119 2846 etiam
1146 2801 1189 2846 ex
1216 2793 1354 2849 naturae

201 2890 380 2954 visceribus
395 2886 602 2953 extrahitur?

247 2993 365 3077 Neque
380 3001 493 3058 tamen
514 2993 567 3057 hic
582 2991 666 3056 finis.
711 2989 801 3055 Nam
819 2989 1034 3055 fundamenta
1054 3011 1187 3074 quoque
1204 2991 1354 3056 scientia-

201 3117 275 3162 rum
298 3097 414 3161 sortius
435 3096 651 3179 deprimimus
673 3104 707 3160 et
729 3094 918 3168 solidamus,
933 3103 1034 3176 atque
1057 3093 1149 3158 initia
1171 3095 1354 3178 inquirendi

201 3201 301 3264 altius
316 3201 483 3279 sumimus
498 3220 599 3283 quam
615 3199 724 3264 adhuc
739 3197 890 3262 homines
905 3197 1070 3263 lecerunt:
1096 3219 1135 3262 ea
1151 3200 1354 3281 subjiciendo

201 3305 359 3381 examini,
385 3325 472 3387 quae
502 3304 609 3387 logica
634 3302 777 3384 vulgaris
807 3311 966 3384 tanquam
996 3301 1063 3365 fide
1092 3301 1199 3367 aliena
1230 3304 1354 3386 recipit.

202 3407 337 3472 Etenim
351 3408 514 3472 dialectici
534 3405 693 3490 principia
709 3405 917 3469 scientiarum
933 3425 954 3468 a
969 3405 1114 3469 scientiis
1129 3407 1266 3490 singulis
1281 3417 1355 3472 tan-

202 3530 303 3594 quam
327 3520 443 3575 mutuo
466 3520 617 3574 sumunt:
649 3529 767 3586 rursuS,
791 3509 942 3572 notiones
965 3510 1086 3574 mentis
1114 3511 1237 3592 primas
1256 3531 1354 3574 vene-

202 3624 335 3680 rantur:
369 3625 546 3698 postremo,
577 3612 864 3677 informationibus
893 3611 1095 3676 immediatis
1123 3633 1240 3678 sensus
1270 3615 1355 3680 bene

200 3719 351 3802 dispositi
373 3719 595 3802 acquiescunt.
638 3716 689 3781 At
710 3714 932 3798 noslogicam
952 3737 1064 3780 veram
1083 3716 1229 3798 singulas
1251 3719 1354 3782 scien-

201 3821 322 3885 tiarum
344 3823 527 3904 provincias
551 3819 676 3901 majore
699 3839 775 3883 cum
799 3819 937 3903 imperio
960 3839 1060 3899 quam
1083 3839 1186 3900 penes
1209 3821 1354 3902 ipsarum

202 3923 361 4006 principia
382 3925 426 3991 sit
447 3926 568 3990 debere
590 3923 718 4006 ingredi
740 3923 951 3999 decrevimus,
972 3930 1073 4003 atque
1096 3922 1152 3986 illa
1172 3923 1245 4005 ipsa
1267 3924 1356 4005 prin·

202 4025 289 4108 cipia
316 4029 467 4109 putativa
489 4029 534 4092 ad
564 4027 709 4091 rationes
739 4025 925 4089 reddendas
955 4023 1155 4106 compellere
1185 4045 1356 4109 quousque

201 4129 301 4211 plane
319 4138 479 4195 constent.
524 4129 625 4214 Quod
648 4149 726 4194 vero
747 4129 867 4193 attinet
885 4126 928 4190 ad
950 4127 1101 4193 notiones
1119 4127 1243 4210 primas
1261 4128 1356 4194 intel·

201 4232 327 4310 lectus;
346 4233 426 4296 nihil
438 4244 488 4299 est
500 4253 614 4298 eorum
625 4254 711 4316 quae
723 4231 908 4297 intellectus
921 4231 982 4296 sibi
994 4231 1171 4314 permissus
1183 4235 1356 4315 congessit,

201 4335 281 4418 quin
297 4336 392 4401 nobis
406 4357 466 4420 pro
482 4349 635 4421 suspecto
650 4339 702 4415 sit,
719 4357 780 4402 nec
795 4336 863 4401 ullo
880 4334 978 4400 modo
994 4344 1112 4414 ratum,
1127 4335 1188 4399 nisi
1204 4355 1290 4400 novo
1302 4335 1355 4419 ju·

201 4439 287 4503 dicio
302 4460 338 4504 se
353 4441 473 4505 stiterit
488 4451 523 4506 et
538 4441 719 4505 secundum
736 4439 816 4503 illud
831 4439 1079 4524 pronuntiatum
1094 4439 1201 4504 fuerit.
1248 4439 1355 4524 Quin·

203 4543 303 4607 etiam
331 4563 449 4609 sensus
470 4535 579 4628 'ipsius
606 4543 853 4610 informationes
880 4543 993 4609 multis
1021 4545 1128 4609 modis
1159 4545 1355 4612 excutimus.
