3308 5106
302 388 344 457 90
714 377 1042 434 rrvrnonucrrorv.

219 619 222 626 ,
302 554 486 613 scientiarum
502 555 746 632 praecedentium,
762 565 791 614 et
805 553 870 614 finis
885 553 973 613 totius
988 547 1212 630 speculationis!
1247 548 1314 632 (Ed.
1329 551 1453 622 Brewer,·

302 672 352 730 pp·
369 653 491 733 tart)

344 751 448 828 Again,
471 752 594 811 another
618 753 701 830 point
724 751 760 811 of
778 761 894 812 contact
918 753 1049 810 between
1073 749 1122 809 the
1142 759 1200 808 two
1222 748 1338 808 Bacons
1359 750 1383 807 is
1404 749 1452 808 the

303 851 407 909 almost
421 852 615 928 exaggerated
630 851 811 927 importance
826 850 919 909 which
939 851 1006 926 they
1021 849 1116 908 attach
1132 859 1162 907 to
1177 847 1269 925 utility
1284 865 1316 906 as
1330 848 1379 906 the
1393 848 1451 906 end

303 949 338 1008 ol
358 951 480 1009 science.
525 950 697 1009 ‘Caeterum
723 961 790 1009 ante
817 949 934 1017 omnia‚’
964 967 1030 1025 says
1059 948 1160 1023 Roget
1188 946 1298 1016 Bacon,
1327 945 1451 1004 ‘utilitas

302 1049 454 1125 cujuslibet
476 1050 517 1107 rei
542 1049 755 1108 consideranda
778 1048 839 1108 est!
881 1047 1089 1123 ‘Quapropter
1111 1056 1226 1124 oportet
1251 1045 1332 1122 quod
1359 1045 1450 1103 homo

301 1148 465 1208 consideret
486 1148 635 1206 utilitatem
657 1149 840 1206 scientiarum
862 1158 1018 1223 antequam
1034 1146 1217 1222 aggrediatur
1236 1145 1364 1220 singulas
1381 1144 1452 1203 divi·

302 1247 357 1305 sim
378 1245 604 1323 prosequendo.'
648 1245 703 1304 ‘Et
723 1247 808 1323 igitur
829 1247 954 1324 cogitavi
975 1247 1005 1303 in
1026 1245 1216 1321 praeambulo
1237 1253 1357 1304 tractatu
1377 1243 1452 1301 utili·

303 1356 376 1404 tates
398 1345 598 1422 philosophiae
619 1346 808 1422 praemittere,
829 1355 862 1404 ut
880 1355 950 1404 tunc
972 1345 1117 1414 scientiae,
1139 1362 1214 1421 quae
1229 1342 1361 1401 videntur
1382 1341 1452 1399 nihil

302 1444 405 1516 valere,
428 1457 601 1520 quaerantur
625 1464 693 1503 cum
716 1444 863 1521 diligentia
887 1454 917 1502 et
938 1443 1057 1503 fervore.
1099 1442 1138 1501 Et
1162 1452 1257 1501 certus
1281 1459 1347 1500 sum
1371 1440 1452 1516 quod

303 1543 383 1602 aliter
397 1561 459 1602 non
473 1555 517 1604 est
531 1544 576 1600 via
590 1545 627 1602 ad
641 1543 887 1602 considerandum
909 1543 1043 1601 scientias
1064 1540 1265 1618 philosophiae
1281 1540 1311 1598 in
1328 1539 1452 1616 particu-

304 1642 356 1700 lari
374 1652 403 1702 et
424 1644 455 1701 in
468 1643 585 1719 propria
606 1642 776 1718 disciplina!
819 1642 875 1700 ‘Et
897 1660 957 1700 non
978 1651 1023 1700 est
1043 1641 1163 1699 dubium
1185 1641 1256 1716 quin
1276 1639 1451 1716 quicunque,

303 1751 561 1817 quantumcunque
577 1741 613 1800 sit
627 1742 753 1817 sapiens,
765 1742 909 1800 resilireta
920 1743 1016 1817 primo
1024 1739 1097 1800 libro
1106 1741 1291 1816 geometriae,
1301 1739 1356 1796 nisi
1368 1738 1453 1796 sciret

303 1841 366 1916 ejus
391 1840 558 1912 utilitatem;
580 1851 609 1899 et
630 1842 671 1899 sic
693 1841 729 1900 de
749 1841 810 1899 aliis
832 1841 958 1899 scientiis
978 1840 1125 1910 omnibus
1140 1849 1171 1896 ut
1192 1839 1313 1915 probavi
1334 1837 1450 1895 centies

303 1939 363 2010 Qui
392 1941 470 1997 enim
499 1939 640 1998 auscultat
668 1941 748 2016 quod
776 1940 935 2016 triangulus
960 1939 1047 1998 habet
1075 1948 1132 1997 tres
1160 1937 1284 2013 angulos
1317 1935 1453 2012 aequales

303 2038 418 2097 duobus
439 2039 524 2096 rectis
545 2038 667 2114 angulis,
689 2048 718 2098 et
741 2038 1020 2096 demonstrationem
1041 2038 1113 2114 ejus,
1135 2037 1158 2094 si
1180 2035 1272 2094 nescit
1291 2033 1452 2103 utilitatem,

303 2137 365 2212 ipse
381 2154 442 2194 non
457 2135 536 2195 dabit
551 2136 701 2208 festucam,
714 2137 805 2195 immo
820 2154 881 2195 non
896 2136 1061 2212 dignabitur
1076 2134 1166 2194 scire.²
1196 2133 1294 2212 (Opus
1309 2133 1452 2202 Tertium,

304 2251 386 2310 capp.
406 2251 432 2309 5,
449 2236 476 2307 6,
491 2235 547 2293 Ed.
562 2235 687 2307 Brewer,
702 2253 751 2311 pp.
770 2234 890 2314 18-22.)

344 2331 422 2392 Both
437 2335 543 2392 writers
558 2333 632 2392 alike
648 2333 726 2392 shew
742 2334 814 2393 their
828 2333 967 2409 strength,
984 2332 1068 2390 when
1086 2332 1268 2408 repudiating
1282 2331 1330 2389 the
1345 2331 1452 2407 charge

303 2429 338 2491 ol
348 2432 471 2508 novelty.
517 2432 573 2490 ‘Et
588 2433 611 2490 si
626 2433 733 2492 obnixe
748 2433 842 2492 adhuc
863 2433 946 2490 tertio
968 2432 1128 2508 objiciatur,
1143 2431 1223 2507 quod
1244 2431 1336 2490 sancti
1357 2430 1453 2505 aliqua

304 2530 479 2606 redarguunt
502 2531 538 2589 de
562 2529 614 2602 his,
630 2550 705 2608 quae
724 2533 829 2604 scribo,
841 2541 870 2590 et
892 2530 1048 2590 Gratianus
1069 2541 1098 2589 et
1116 2531 1170 2602 alii,
1186 2529 1351 2606 respondeo
1372 2527 1452 2605 quod

303 2647 452 2706 nunquam
476 2628 529 2688 fuit
551 2641 665 2706 tempus
688 2631 759 2706 quin
780 2648 822 2699 ea,
847 2649 922 2706 quae
944 2631 980 2688 de
1002 2647 1080 2688 novo
1099 2639 1310 2706 proponuntur,
1326 2628 1452 2686 habeant

303 2727 571 2800 contradictionem,
587 2730 674 2787 etiam
696 2747 714 2787 a
735 2731 842 2788 sanctis
862 2739 890 2786 et
912 2747 929 2786 a
950 2728 1036 2786 bonis
1050 2729 1123 2799 viris,
1142 2739 1202 2786 eta
1221 2727 1400 2804 sapientibus
1422 2726 1453 2783 in

303 2825 372 2896 aliis,
387 2826 453 2885 licet
467 2845 528 2886 non
543 2829 573 2885 in
587 2827 632 2886 his
647 2846 721 2903 quae
737 2827 974 2886 inconvenienter
987 2824 1161 2902 reprobant!
1196 2823 1295 2905 (Opus
1309 2824 1451 2894 Tertium,

302 2940 366 2998 cap.
383 2943 409 2998 9.
424 2944 451 3001 p.
471 2923 529 3003 28).
572 2925 608 2984 In
631 2926 679 2986 the
700 2926 785 3002 Opus
806 2927 905 3003 Majus
920 2924 996 3005 (cap.
1013 2927 1040 2984 6.
1055 2944 1083 3002 p.
1101 2922 1140 3005 9),
1160 2925 1197 2984 he
1218 2934 1323 3001 quotes
1344 2924 1452 2983 several

288 3015 442 3098 'passages
466 3023 542 3081 from
566 3023 685 3097 Seneca,
711 3035 741 3084 to
766 3023 815 3083 the
837 3025 922 3085 effect
942 3029 1070 3100 ‘quanto
1088 3025 1218 3102 juniores
1239 3033 1319 3082 tanto
1341 3024 1452 3099 perspi·
1489 3089 1493 3097 Ι

303 3121 441 3190 caciores,
457 3123 525 3198 quia
537 3123 667 3199 juniores
681 3124 856 3200 posteriores
871 3125 1058 3183 successione
1072 3134 1238 3200 temporum
1252 3122 1454 3198 ingrediuntur

302 3217 415 3277 labores
440 3218 586 3295 pnonrm,’
612 3222 670 3280 and
695 3222 764 3281 then
787 3223 878 3281 adds:
911 3221 1010 3280 ‘Nam
1035 3239 1150 3298 semper
1173 3221 1348 3297 posteriores
1371 3219 1452 3278 addi·

302 3315 406 3374 derunt
427 3319 464 3376 ad
486 3336 576 3395 opera
597 3321 735 3397 priorum,
754 3331 784 3379 et
798 3320 888 3378 multa
907 3331 1101 3390 correxerunt,
1115 3330 1144 3377 et
1158 3319 1241 3396 plura
1260 3328 1451 3390 mutaverunt,

302 3415 376 3473 sicut
399 3418 526 3476 maxime
549 3437 601 3494 per
624 3419 808 3477 Aristotelem
836 3429 924 3496 patet,
944 3419 995 3496 qui
1020 3437 1124 3478 omnes
1153 3419 1310 3476 sententias
1334 3434 1452 3495 praece·

302 3515 432 3574 dentium
446 3515 596 3576 discussit'

343 3613 409 3673 The
432 3615 672 3695 comprehensive
699 3617 771 3674 view
795 3616 890 3675 which
915 3615 987 3674 both
1013 3616 1094 3675 these
1117 3615 1236 3673 authors
1261 3615 1332 3675 took
1351 3614 1386 3674 os
1403 3615 1452 3674 the

302 3715 416 3773 various
438 3718 576 3788 scienccS,
596 3714 655 3774 and
676 3715 724 3774 the
747 3715 890 3791 necessity
904 3713 997 3773 wbich
1015 3714 1082 3791 they
1097 3732 1155 3772 saw
1170 3714 1205 3773 ol
1222 3715 1358 3792 studying
1373 3714 1453 3773 them

302 3813 332 3869 in
360 3814 432 3871 their
460 3815 570 3873 mutual
599 3814 745 3885 relations,
775 3815 929 3872 constitute
957 3811 1041 3872 other
1069 3813 1166 3890 points
1194 3813 1229 3870 of
1253 3812 1452 3871 resemblance

300 3911 431 3971 between
446 3913 536 3982 thern,
556 3932 588 3971 as
603 3914 642 3972 do
657 3912 719 3972 also
739 3912 787 3970 the
802 3911 916 3970 exalted
931 3911 1024 3988 hopes
1039 3911 1106 3986 they
1120 3910 1298 3969 entertained
1312 3909 1386 3969 from
1402 3911 1452 3970 the

301 4010 411 4085 patient
425 4011 510 4086 study
525 4011 560 4071 ol
570 4023 671 4070 nature
685 4011 743 4070 and
759 4011 795 4068 its
810 4010 986 4086 application
1001 4018 1032 4067 to
1047 4009 1095 4066 the
1110 4027 1253 4085 purposes
1268 4009 1303 4068 ol
1317 4019 1367 4067 art

343 4109 408 4168 The
429 4110 492 4169 sour
511 4129 614 4170 causes
629 4111 663 4169 ol
678 4129 756 4170 error
770 4109 790 4188 (⁶
802 4108 1095 4187 comprehendendae
1114 4109 1237 4168 veritatis
1256 4107 1450 4178 offendicula:

301 4208 386 4285 Opus
402 4209 508 4286 Majus,
523 4210 561 4269 ad
580 4211 649 4280 init,
664 4209 749 4285 Opus
762 4209 904 4279 Tertium,
919 4227 983 4285 cap.
1001 4207 1052 4288 aa)
1072 4226 1121 4266 are
1142 4208 1300 4284 compared
1314 4208 1382 4267 with
1403 4208 1452 4265 the

301 4305 367 4365 lour
381 4307 498 4366 ‘Idola’
514 4307 550 4366 of
566 4307 613 4367 the
636 4307 754 4366 Novum
770 4306 923 4383 Organum
944 4309 974 4365 ln
996 4325 1014 4365 a
1032 4317 1102 4365 note
1122 4324 1163 4365 on
1178 4306 1263 4365 Book
1278 4308 1295 4364 i.
1310 4306 1386 4381 Aph.
1404 4308 1453 4380 38.

302 4404 368 4462 The
387 4408 592 4478 resemblance,
617 4407 759 4478 however,
778 4407 803 4465 is
827 4416 880 4465 not
901 4425 968 4482 very
990 4405 1078 4476 close,
1100 4405 1167 4476 and,
1189 4423 1220 4463 as
1242 4405 1256 4463 1
1278 4405 1350 4464 have
1372 4404 1453 4462 there

302 4505 418 4578 ¹argued,
435 4504 582 4582 following
598 4505 654 4576 lllr.
669 4505 739 4564 Ellis
761 4505 819 4564 aud
842 4504 898 4564 Mr.
915 4503 1074 4582 Spedding,
1090 4503 1209 4563 Francis
1231 4504 1332 4564 Bacon
1354 4505 1378 4562 is
1399 4513 1456 4574 not
