3324 5110
325 415 389 483 310
701 407 858 462 NOVUM
879 407 1098 463 ORGANUM.

324 581 522 650 commenta,
552 577 728 654 postquam
758 571 801 633 ab
830 571 995 634 evidentia
1025 589 1131 634 rerum
1162 569 1326 651 disjuncta
1354 579 1390 634 et
1418 559 1477 633 ah-

324 686 446 740 stracta
460 675 588 738 suerint.
632 672 748 755 Atque
762 672 859 753 hujus
881 675 953 736 viae
976 675 1085 738 exitus
1108 675 1141 736 in
1156 683 1272 755 aperto
1289 685 1347 751 est,
1362 684 1396 736 et
1409 673 1478 737 lere

323 781 357 843 in
378 779 583 862 propinquo;
617 777 752 841 alterius
774 777 884 840 exitus
908 777 1024 851 nullus,
1047 779 1106 841 sed
1131 778 1313 860 implicatio
1339 777 1478 841 infinita.

325 885 488 948 Homines
506 884 594 946 enim
616 881 724 945 adhuc
740 901 875 963 parvam
893 882 929 944 in
948 882 1164 963 Experientia
1177 901 1307 944 moram
1320 881 1478 958 iecerunt,

323 999 358 1052 et
379 1009 454 1050 eam
477 987 591 1050 leviter
612 986 881 1068 perstrinxerunt,
901 987 960 1048 sed
984 987 1018 1048 in
1038 985 1309 1048 meditationibus
1332 995 1367 1048 et
1382 1005 1477 1048 com·

319 1090 580 1154 mentationibus
603 1090 725 1171 ingenii
751 1087 916 1152 infinitum
939 1099 1071 1172 tempus
1095 1090 1326 1152 contriverunt.
1370 1087 1475 1170 Apud

323 1217 383 1258 nos
403 1215 481 1258 vero
501 1195 528 1258 si
554 1203 640 1258 esset
663 1201 796 1274 praesto
816 1193 979 1275 quispiam
998 1194 1053 1276 qui
1071 1193 1115 1257 de
1133 1192 1221 1257 lacto
1242 1203 1377 1256 naturae
1387 1191 1410 1230 ¹⁹
1431 1195 1476 1256 ad

322 1299 523 1380 interrogata
551 1298 774 1379 responderet,
804 1317 983 1378 paucorum
1015 1317 1176 1361 annorum
1209 1306 1296 1362 esset
1329 1297 1477 1360 Iuventio

263 1474 269 1487 ⁸
322 1423 491 1466 causarum
508 1410 541 1465 et
557 1401 765 1465 scientiarum
781 1400 938 1465 omnium.

834 1563 966 1629 CXIII.

365 1688 477 1751 Etiam
502 1684 649 1749 nonnihil
671 1684 860 1748 hominibus
883 1685 952 1767 spei
974 1685 1042 1748 fieri
1063 1707 1161 1768 posse
1180 1695 1334 1768 putamus
1352 1686 1396 1749 ab
1414 1706 1477 1748 ex·

322 1791 432 1874 emplo
448 1799 560 1854 nostro
575 1790 727 1871 proprio;
751 1809 857 1870 neque
868 1789 1049 1870 jactantiae
1063 1785 1161 1854 causa
1181 1789 1244 1853 hoc
1260 1791 1398 1853 dicimus
1414 1790 1475 1852 sed

321 1896 410 1978 quod
433 1895 512 1959 utile
534 1895 623 1958 dictu
646 1894 698 1956 sit.
746 1893 781 1957 Si
804 1894 860 1974 qui
883 1893 1043 1970 diffidant,
1067 1915 1120 1957 me
1142 1894 1286 1970 videant,
1304 1893 1475 1957 hominem

320 2001 405 2064 inter
419 1999 568 2064 homines
579 1998 699 2061 aetatis
716 2017 809 2060 meae
824 1996 972 2060 civilibus
987 1999 1128 2079 negotiis
1143 1995 1474 2080 occupatissimum20,

321 2125 381 2168 nec
397 2103 490 2166 firma
504 2102 686 2166 admodum
700 2101 890 2164 valetudine
905 2097 1007 2186 (quod
1025 2122 1182 2186 magnum
1198 2102 1299 2166 habet
1314 2102 1475 2183 temporis

319 2204 551 2294 dispendium),
569 2217 670 2289 atque
692 2208 725 2271 in
747 2206 867 2271 haere
889 2206 988 2289 plane
1009 2209 1215 2291 protopirum
1225 2207 1258 2282 ²¹,
1281 2217 1313 2271 et
1333 2208 1474 2288 vestIgia

319 2314 439 2376 nullius
461 2320 644 2394 sequutum,
669 2331 776 2392 neque
793 2309 876 2374 haec
898 2311 969 2392 ipsa
993 2331 1067 2374 cum
1087 2311 1154 2374 ullo
1173 2311 1361 2375 mortalium
1382 2331 1474 2375 com-

319 2418 549 2489 municantem,
574 2423 607 2478 et
630 2424 742 2478 tamen
768 2432 880 2476 veram
903 2415 991 2476 viam
1017 2424 1206 2478 constanter
1229 2417 1412 2497 ingressum
1438 2423 1474 2478 et

319 2520 486 2604 ingenium
510 2518 607 2582 rebus
629 2517 889 2594 submittentem,
910 2516 991 2580 haec
1013 2517 1083 2598 ipsa
1106 2518 1313 2602 aliquatenus
1336 2515 1387 2604 (ut
1411 2539 1473 2581 ex·

318 2619 517 2710 istimamus)
538 2623 750 2705 provexisse:
775 2632 808 2685 et
829 2621 985 2703 deinceps
1005 2623 1148 2701 videant,
1169 2625 1248 2706 quid
1267 2624 1310 2686 ab
1329 2623 1474 2686 homIni-

319 2730 380 2793 bus
401 2729 468 2793 otio
489 2727 741 2803 abundantibus
761 2735 863 2807 atque
882 2747 903 2789 a
923 2726 1091 2790 laboribus
1112 2728 1317 2802 consociatis,
1336 2736 1436 2808 atque
1451 2748 1474 2790 a

319 2842 506 2915 temporum
526 2832 738 2907 successione,
758 2839 834 2912 post
853 2829 935 2894 haec
954 2831 1075 2895 indicia
1095 2844 1207 2896 nostra
1225 2833 1474 2914 expectandum

319 2937 381 3014 sit3
416 2937 606 3017 praesertim
633 2936 667 2997 in
692 2935 746 2998 via
772 2955 857 3016 quae
880 2955 946 2997 non
969 2936 1104 3018 singulis
1128 2937 1338 3001 solummodo
1360 2935 1475 3018 pervia

319 3047 369 3102 est
390 3032 439 3123 (ut
465 3038 502 3102 fit
525 3039 558 3100 in
577 3040 630 3102 via
654 3038 709 3100 illa
735 3034 909 3122 rationaII),
932 3039 990 3102 sed
1014 3039 1069 3101 ubi
1092 3039 1263 3104 hominum
1287 3040 1417 3103 labores
1437 3049 1474 3102 et

354 3239 375 3270 ¹⁹
394 3239 456 3294 The
474 3247 553 3307 great
571 3239 710 3308 difficulty,
724 3241 817 3293 Bacon
835 3257 923 3294 seems
939 3247 970 3294 to
988 3242 1056 3295 have
1075 3242 1201 3310 thought,
1214 3261 1269 3297 was
1287 3250 1317 3296 to
1336 3243 1473 3298 ascertain

318 3323 366 3378 the
385 3323 454 3376 facts
473 3323 505 3377 ol
521 3330 628 3389 nature,
641 3324 735 3377 rather
749 3323 815 3377 than
832 3331 861 3377 to
877 3325 953 3377 draw
965 3324 1013 3378 the
1032 3326 1105 3393 right
1123 3327 1277 3381 inl'erences
1294 3326 1367 3380 from
1383 3325 1472 3380 thern.

319 3407 407 3474 Here,
421 3407 506 3474 again,
519 3423 561 3460 we
579 3423 625 3460 see
644 3407 692 3460 the
711 3409 881 3476 importance
894 3407 982 3461 which
1001 3408 1036 3462 he
1054 3410 1184 3464 attached
1200 3417 1231 3465 to
1247 3411 1403 3481 aproperly
1416 3409 1471 3464 and

315 3490 479 3561 adequately
492 3490 661 3544 constituted
671 3489 785 3543 Natural
800 3491 923 3560 History.

352 3572 375 3604 ²⁰
394 3575 426 3628 In
440 3575 487 3628 the
500 3575 628 3641 Cogitata
642 3581 672 3627 et
684 3574 748 3628 Visa
762 3574 806 3644 (E.
819 3574 873 3628 aud
887 3576 921 3641 S,
935 3574 987 3628 vol.
1002 3575 1038 3628 iii.
1056 3592 1082 3644 p.
1096 3575 1170 3644 619),
1183 3577 1218 3631 he
1237 3578 1334 3647 speaks
1351 3577 1383 3630 of
1398 3577 1470 3630 him-

315 3658 370 3711 self
383 3675 412 3712 as
431 3660 529 3712 ‘rebus
545 3658 667 3711 civilibus
686 3659 746 3727 plus
764 3674 846 3726 quarn
859 3659 940 3711 vellet
959 3659 1111 3714 Immistus.'
1147 3660 1211 3715 The
1230 3662 1314 3715 union
1333 3660 1365 3713 of
1379 3662 1471 3714 scieu-

316 3741 373 3795 tilic
391 3742 445 3795 and
464 3741 524 3795 civil
543 3743 752 3811 employments,
771 3748 802 3794 to
820 3741 909 3795 which
929 3741 1022 3796 Bacon
1042 3743 1109 3797 here
1127 3745 1238 3812 alludes,
1251 3745 1372 3799 reminds
1390 3761 1422 3798 us
1440 3744 1474 3798 ot

317 3826 451 3895 Couley's
463 3827 621 3880 celebrated
634 3827 716 3881 lines:

546 3923 669 3988 ‘Bacon,
688 3929 717 3976 at
734 3923 794 3988 last,
812 3939 829 3976 a
847 3921 952 3991 mighty
970 3939 1042 3988 man,
1060 3941 1149 3988 arose,

616 4005 721 4060 Whom
739 4023 756 4059 a
774 4007 838 4059 wise
858 4006 933 4073 Kiug
950 4007 1005 4059 and
1024 4006 1129 4062 Nature
1149 4007 1232 4064 chose

615 4089 872 4143 Lord=Chancellor
889 4089 921 4142 of
936 4089 1004 4142 both
1023 4091 1096 4144 theIr
1114 4092 1196 4145 laws.’

348 4183 368 4214 ²¹
386 4187 578 4256 sspordrmpor,
591 4185 639 4237 the
658 4183 716 4238 first
734 4201 797 4238 man
815 4191 847 4238 to
864 4185 944 4238 make
960 4185 1009 4239 the
1022 4187 1093 4240 trial.
1131 4186 1194 4242 The
1206 4193 1334 4254 account,
1348 4189 1427 4255 gisen
1441 4190 1468 4242 in

313 4266 361 4320 the
385 4268 587 4334 Introduction,
611 4270 684 4336 §13,
705 4269 738 4321 of
759 4269 872 4322 authors
896 4275 1109 4339 contemporary
1132 4271 1198 4324 with
1223 4289 1256 4324 or
1280 4273 1379 4325 earlier
1401 4271 1468 4325 than

313 4349 416 4416 Bacon‚
428 4352 491 4404 who
509 4352 562 4404 had
582 4352 748 4420 anticipated
767 4353 892 4420 portions
907 4351 939 4405 of
953 4352 994 4406 hls
1007 4354 1142 4422 teaching,
1156 4355 1209 4408 will
1226 4356 1301 4409 shew
1314 4355 1374 4418 that
1388 4355 1468 4409 there

312 4434 333 4484 is
345 4450 422 4488 some
435 4435 627 4501 exaggeratlon
640 4436 666 4488 in
680 4436 734 4488 this
749 4441 908 4490 statement.
945 4435 1074 4504 Perhaps,
1087 4437 1224 4506 however,
1239 4440 1274 4494 be
1293 4440 1316 4493 is
1333 4439 1468 4505 relerrIng

310 4515 374 4584 only
387 4523 417 4569 to
430 4517 477 4570 the
493 4517 634 4573 Inductive
648 4518 766 4572 Method
779 4519 935 4572 delIneated
948 4519 975 4572 in
989 4519 1040 4573 Bk.
1056 4521 1082 4574 ii.
