3308 5106
609 1198 1184 1298 DISTRIBUTIO

737 1403 1050 1491 OPERIS.

622 1791 711 1875 Ejus
723 1793 962 1858 constituuntur
974 1794 1095 1860 Partes
1107 1815 1170 1862 sex.

363 1927 494 2007 Prima;
515 1928 717 1996 Partitiones
733 1929 962 1996 Scieutiarum.

364 2030 538 2112 Secunda3
559 2032 694 2096 Novum
712 2032 891 2116 Organum,
913 2035 981 2101 sive
1001 2033 1132 2100 Induia
1148 2034 1188 2099 de
1205 2035 1471 2119 Interpretatioue

576 2137 741 2202 Naturae.

361 2237 496 2318 Tertia3
525 2237 754 2304 Phaenomeua
782 2240 944 2320 Universi,
968 2241 1036 2306 sive
1058 2241 1212 2306 Historia
1236 2242 1416 2306 Naturalis
1439 2251 1473 2304 et

576 2343 854 2426 Experimcutahs
868 2345 916 2410 ad
926 2345 1121 2410 condendam
1136 2345 1389 2428 Philosophiam.

361 2446 510 2531 Quarta3
535 2445 634 2510 Scala
648 2448 838 2514 Intellectus.

361 2550 506 2633 Quinta3
526 2551 713 2630 Prodromi,
722 2552 1055 2634 siveAntieipationes
1062 2551 1288 2634 Philosophiae
1298 2551 1470 2618 Secundae.

361 2653 488 2735 Sexta3
510 2655 722 2737 Philosophia
738 2656 895 2735 Secunda,
910 2658 979 2722 sive
995 2657 1141 2721 Solantia
1154 2657 1285 2720 Activa.

668 2835 697 2898 S
698 2835 888 2918 iugularum
901 2836 1117 2918 Argonauta.

321 2969 418 3034 PARS
434 2979 546 3036 autem
563 2971 703 3037 instituti
719 2973 821 3037 nostri
837 2983 895 3051 est,
907 2982 943 3037 ut
959 2974 1079 3052 omnia,
1095 2981 1257 3056 quantum
1272 2972 1342 3036 fieri
1358 2980 1469 3055 potest

315 3084 429 3155 aperte
444 3085 477 3138 et
492 3077 665 3158 perspicue
679 3085 913 3159 proponantur.
951 3076 1095 3140 Nuditas
1110 3077 1199 3139 enim
1214 3077 1324 3154 animi,
1336 3087 1374 3140 ut
1389 3077 1468 3140 olim

315 3177 471 3260 corporis,
487 3179 694 3242 innocentiae
709 3189 743 3244 et
761 3178 983 3261 simplicitatis
998 3200 1110 3244 comes
1125 3189 1185 3244 est.
1223 3180 1340 3244 Pateat
1355 3181 1469 3262 itaque

316 3281 422 3361 primo
445 3282 526 3345 ordo
549 3282 657 3363 operis
682 3290 784 3364 atque
810 3284 893 3347 ratio
917 3281 998 3363 ejus.
1052 3283 1167 3348 Partes
1193 3283 1301 3366 operis
1326 3305 1348 3348 a
1373 3283 1468 3347 nobis

316 3383 561 3448 constituuntur
575 3405 647 3448 sex.

360 3487 470 3551 Prima
493 3508 570 3570 pars
596 3487 733 3552 exhibet
759 3489 916 3554 scientiae
939 3487 1010 3572 ejus
1034 3489 1103 3554 sive
1129 3489 1299 3554 doctrinae
1321 3489 1354 3552 in
1376 3488 1469 3570 cujus

316 3590 523 3673 possessione
538 3590 721 3656 humanum
736 3612 842 3674 genus
856 3590 1015 3657 hactenus
1030 3602 1185 3671 versatur,
1202 3591 1384 3672 Summam,
1400 3592 1469 3656 sive

315 3693 568 3777 descriptionem
592 3695 818 3762 universalem.
863 3696 980 3760 Visum
1004 3697 1091 3759 enim
1114 3706 1165 3761 est
1191 3697 1286 3761 nobis
1309 3697 1410 3759 etiam
1433 3696 1468 3759 in

315 3798 354 3861 iis
372 3818 458 3879 quae
481 3807 615 3880 recepta
637 3806 714 3861 sunt
737 3799 930 3862 nonnullam
953 3798 1060 3862 lacere
1082 3818 1228 3864 moram:
1252 3821 1292 3864 eo
1313 3800 1467 3862 nimirum

315 3900 459 3979 consilio,
475 3909 512 3965 ut
527 3900 654 3965 facilius
671 3910 704 3965 et
718 3902 885 3966 veteribus
903 3901 1063 3984 perfectio
1079 3911 1112 3965 et
1128 3904 1221 3966 novis
1236 3902 1347 3967 aditus
1362 3904 1469 3966 detur.

315 4005 388 4068 Pari
412 4005 500 4069 enim
523 4004 591 4068 lere
613 4006 723 4069 studio
745 4005 880 4068 ferimur
905 4015 939 4070 et
961 4005 1005 4070 ad
1027 4013 1138 4069 vetera
1161 4005 1345 4070 excolenda
1367 4015 1401 4070 et
1424 4007 1468 4070 ad

314 4107 470 4171 ulteriora
483 4108 701 4190 assequenda.
737 4109 883 4173 Pertinet
897 4110 998 4172 etiam
1014 4108 1077 4172 hoc
1092 4108 1136 4171 ad
1150 4107 1335 4174 faciendam
1352 4109 1469 4173 fidem:

311 4210 412 4292 juxta
429 4210 520 4284 illud,
534 4211 614 4274 Nou
635 4210 751 4292 acepit
770 4211 915 4275 audactus
937 4211 1035 4276 verba
1055 4211 1214 4289 scientiae,
1230 4213 1300 4277 uisi
1310 4213 1410 4295 prius
1430 4233 1471 4276 ea

313 4314 437 4379 dereris
450 4334 532 4395 quae
546 4323 721 4378 versantur
735 4315 770 4377 in
785 4315 879 4378 corde
891 4315 968 4398 eries.
1009 4315 1128 4398 Itaque
1143 4317 1350 4380 scientiarum
1365 4326 1471 4399 atque

315 4419 434 4482 artium
451 4427 656 4499 receptarum
671 4439 745 4481 oras
765 4417 882 4500 legere,
899 4438 1027 4484 necnon
1045 4418 1138 4482 utilia
1159 4421 1323 4502 quaedam
1342 4421 1375 4483 in
1393 4419 1470 4484 illas

315 4521 500 4606 importare,
518 4529 677 4604 tanquam
694 4521 727 4584 in
746 4523 895 4602 transitu,
910 4540 977 4586 non
993 4522 1206 4606 negligemus.
