3208 5094
616 419 697 476 ΜΒ.
720 419 763 477 ΙΙ.
785 429 839 494 50.
1239 413 1300 492 5⁶7

149 579 256 646 factae
271 583 425 647 dicuntur
440 602 572 646 manere
588 581 673 646 intra
688 593 809 647 terram
825 603 884 665 per
899 582 1119 664 quadraginta
1134 592 1193 645 aut
1207 582 1303 665 quin·

149 688 309 770 quaginta
331 707 445 762 annos,
470 697 504 750 et
524 688 703 750 transmitti
726 687 770 750 ad
788 685 956 765 haeredes,
975 696 1134 768 tanquam
1157 687 1303 749 minerae

149 791 314 872 quaedam
337 787 557 876 artificiales);
581 801 615 855 et
638 789 837 872 hujusmodi.
883 790 1076 873 Quinetiam
1095 811 1181 872 quae
1203 790 1303 853 inter·

149 894 285 956 veniunt
308 895 341 956 in
364 903 480 958 natura
502 895 785 974 condensationes,
802 894 909 959 factae
932 917 990 977 per
1011 895 1139 976 frigora,
1155 893 1304 957 similiter

150 1007 227 1061 sunt
250 999 517 1080 investigandae;
541 1007 586 1078 ut,
609 1001 715 1063 causis
738 1020 851 1063 eorum
874 999 1023 1081 cognitis,
1040 999 1204 1063 transferri
1227 1018 1301 1080 pos·

151 1103 216 1164 sint
239 1101 271 1163 in
294 1111 390 1165 artes.
437 1101 563 1185 Quales
589 1114 766 1168 cernuntur
788 1105 821 1166 in
845 1105 1048 1167 exudatione
1071 1102 1243 1166 marmoris
1269 1111 1303 1165 et

151 1203 332 1287 lapidum²;
359 1206 393 1268 in
409 1207 629 1271 rorationibus
646 1229 744 1290 super
759 1209 842 1272 vitra
857 1228 916 1290 per
931 1208 1065 1272 interius
1079 1208 1301 1282 fenestrarum,

150 1309 213 1372 sub
228 1329 388 1387 auroram,
407 1319 482 1392 post
497 1310 574 1393 gelu
591 1312 717 1390 noctis3
748 1311 781 1374 in
802 1311 982 1392 originibus
1003 1320 1037 1374 et
1054 1309 1302 1375 collectionibus

149 1433 309 1494 vaporum
326 1413 359 1474 in
374 1433 477 1494 aquas
492 1413 554 1476 sub
570 1423 665 1492 terra,
680 1414 769 1477 unde
784 1433 884 1495 saepe
898 1413 1078 1478 scaturiunt
1093 1413 1201 1476 fontes
1212 1412 1245 1492 ³;
1268 1420 1302 1475 et

150 1536 366 1598 quaecunque
381 1525 457 1580 sunt
472 1515 570 1598 hujus
585 1518 722 1600 generis.

195 1620 411 1683 Inveniuntur
425 1630 546 1699 autem,
562 1630 693 1703 praeter
708 1619 763 1684 illa
779 1629 957 1702 quaesunt
973 1619 1091 1704 frigida
1106 1621 1149 1683 ad
1166 1629 1301 1695 tactum,

148 1723 312 1807 quaedam
324 1724 389 1787 alia
404 1733 571 1806 potestate
585 1724 712 1807 frigida,
727 1744 814 1806 quae
829 1724 929 1788 etiam
946 1727 1163 1801 condensant3
1186 1743 1301 1787 verun-

150 1839 262 1892 tamen
274 1829 401 1910 operari
413 1829 567 1892 videntur
581 1849 679 1912 super
690 1849 826 1911 corpora
841 1828 1034 1892 animalium
1044 1837 1182 1905 tanturn,
1198 1837 1232 1891 et
1244 1827 1301 1890 vix

150 1929 245 1994 ultra.
293 1930 402 2013 Hujus
419 1934 549 2014 generis
564 1953 600 1995 se
615 1933 795 1996 ostendunt
811 1931 916 1994 multa
934 1932 967 1993 in
987 1931 1157 1996 medicinis
1175 1940 1209 1994 et
1233 1951 1301 1992 em-

149 2032 290 2115 plastris.
334 2032 414 2096 Alia
428 2045 540 2099 autem
557 2037 763 2100 condensant
785 2053 899 2100 carnes
921 2045 955 2099 et
978 2045 1087 2117 partes
1105 2033 1298 2117 tangibiles;

148 2137 259 2219 qualia
271 2144 346 2198 sunt
359 2137 600 2202 medicamenta
611 2139 833 2219 astringenda,
844 2149 945 2220 atque
957 2140 1058 2203 etiarn
1074 2137 1299 2220 inspissantia:

149 2241 214 2306 alia
239 2241 443 2304 condensant
467 2241 614 2322 spiritus;
641 2241 675 2304 id
702 2243 790 2322 quod
815 2244 962 2305 maxime
984 2243 1126 2307 cernitur
1147 2243 1181 2305 in
1203 2262 1301 2324 sopo-

149 2346 251 2409 riferis
261 2343 282 2409 ⁴.
329 2343 466 2428 Duplex
484 2353 596 2408 autem
615 2355 665 2408 est
686 2346 804 2409 modus
827 2347 1095 2411 condensationis
1117 2347 1298 2427 spirituum,

149 2470 208 2532 per
230 2447 472 2511 medicamenta
494 2447 681 2529 soporifera,
697 2446 765 2510 sive
787 2450 1001 2528 provocantia
1021 2468 1194 2512 somnum:
1218 2447 1301 2510 alter

149 2574 207 2637 per
229 2551 437 2615 sedationem
455 2561 566 2614 motus
578 2573 586 2630 ;
609 2551 694 2616 alter
715 2571 774 2632 per
796 2549 909 2631 fugam
933 2553 1118 2634 spirituum.
1164 2551 1299 2614 Etenim

149 2655 243 2734 viola,
260 2676 333 2718 rosa
348 2655 442 2731 sicca,
457 2653 593 2732 lactuca,
608 2664 642 2718 et
657 2653 845 2734 hujusmodi
864 2653 1039 2718 benedicta
1059 2655 1127 2718 sive
1147 2654 1300 2735 benigna,

149 2781 208 2842 per
231 2779 370 2841 vapores
396 2779 473 2820 suos
499 2759 624 2822 amicos
648 2766 681 2821 et
705 2757 874 2820 moderate
898 2757 1133 2840 refrigerantes,
1159 2757 1300 2820 invitant

148 2863 281 2946 spiritus
299 2872 336 2926 ut
356 2883 391 2924 se
414 2861 537 2940 uniant,
555 2871 589 2926 et
612 2864 757 2944 ipsorum
781 2881 890 2924 acrem
914 2871 947 2925 et
965 2862 1157 2943 inquietum
1172 2869 1299 2925 motum

148 2975 372 3050 compescunt.
403 2953 544 3030 'Etiam
575 2985 662 3048 aqua
692 2986 833 3044 rosacea,
864 2967 1016 3048 apposita
1051 2967 1094 3030 ad
1133 2985 1227 3029 nares
1266 2965 1299 3026 in

148 3071 301 3153 deliquiis
327 3071 465 3147 animae,
491 3071 623 3152 spiritus
650 3070 812 3134 resolutos
841 3079 874 3133 et
905 3069 1042 3133 nimium
1071 3069 1237 3134 relaxatos
1264 3089 1299 3131 se

149 3177 291 3258 recipere
313 3174 399 3254 facit,
423 3182 456 3238 et
479 3183 638 3258 tanquam
660 3175 728 3239 alit.
787 3173 838 3237 At
859 3175 972 3258 opiata
995 3185 1029 3239 et
1051 3195 1166 3240 eorum
1188 3173 1299 3237 affinia

147 3360 267 3429 exposed
284 3365 316 3414 to
334 3366 444 3428 temper
461 3359 526 3426 long
544 3357 608 3412 held
626 3359 662 3412 its
680 3359 795 3426 ground,
808 3359 862 3412 and
878 3359 1012 3428 probably
1024 3376 1079 3414 was
1091 3359 1155 3429 only
1167 3358 1299 3427 dispelled

147 3444 243 3513 hythe
256 3443 423 3511 publication
436 3441 469 3496 of
478 3441 526 3496 the
538 3443 635 3495 details
647 3442 680 3496 of
689 3442 737 3495 the
751 3441 965 3510 King-te·ching
977 3443 1168 3498 manufacture
1180 3443 1217 3511 by
1228 3443 1299 3496 Pere

148 3526 349 3579 d'Entrecolles
361 3527 387 3577 in
400 3525 448 3578 the
462 3525 573 3579 Lettres
588 3514 755 3580 Edifiantes:

183 3609 193 3639 ²
211 3607 282 3662 This
295 3607 349 3660 and
361 3606 409 3659 the
422 3615 488 3660 next
501 3607 693 3675 phenomenon
707 3607 774 3660 both
784 3607 830 3662 fall
843 3609 932 3662 under
944 3607 993 3661 the
1005 3607 1116 3674 general
1125 3606 1195 3660 head
1207 3605 1240 3658 of
1249 3606 1297 3660 the

149 3691 312 3760 Deposition
325 3689 357 3743 of
368 3689 448 3742 Dew.
486 3690 541 3743 For
553 3689 710 3744 references
722 3706 759 3744 on
773 3689 827 3744 this
838 3690 955 3759 subject,
968 3705 1014 3744 see
1027 3696 1107 3744 notes
1118 3705 1156 3743 on
1169 3688 1239 3757 Aph.
1253 3703 1296 3755 47.

148 3778 199 3845 Cp.
212 3775 269 3828 also
282 3774 360 3842 Sylva
373 3772 521 3842 sylvarum,
535 3773 605 3842 Exp.
618 3779 661 3827 81.

183 3856 195 3890 ⁸
214 3857 330 3910 Bacon’s
342 3856 469 3922 meaning
481 3855 534 3908 will
547 3855 582 3908 be
594 3854 675 3908 made
691 3853 765 3923 plain
782 3854 820 3923 by
835 3854 883 3907 the
901 3853 1040 3922 following
1058 3855 1220 3909 marvellous
1238 3871 1298 3924 pas·

147 3959 211 4011 sage
224 3943 251 3995 in
263 3941 312 3994 the
326 3939 452 3994 Historia
465 3939 551 3992 Densi
564 3945 594 3993 et
607 3938 673 3992 Rari
687 3938 733 4008 (E.
746 3938 800 3991 and
813 3939 849 4004 S,
862 3938 914 3992 vol.
927 3937 954 3991 ii.
967 3953 993 4006 p.
1006 3935 1084 4008 ²93)ss
1104 3941 1112 3968 ‘
1120 3939 1299 3992 Existimatur

147 4028 225 4094 origo
237 4024 356 4078 fontium
368 4029 397 4076 et
409 4038 541 4092 aquarum
559 4021 688 4088 dulcium,
702 4037 774 4091 quae
790 4037 825 4074 ex
842 4027 917 4074 terra
933 4022 1094 4088 scaturiunt,
1107 4021 1165 4074 fieri
1181 4037 1217 4074 ex
1232 4037 1297 4076 aere

147 4111 277 4166 concluso
295 4109 322 4162 in
340 4106 413 4161 cavis
429 4112 520 4160 terrae
539 4105 713 4176 (praesertim
732 4105 880 4176 montium)
900 4105 1044 4172 coagulato
1062 4111 1092 4158 et
1110 4103 1297 4160 condensato!

148 4195 199 4264 Cp.
212 4195 296 4247 Arist.
309 4188 535 4258 Meteorologica,
549 4191 566 4244 i.
579 4207 608 4255 13
624 4189 662 4260 (p.
675 4207 724 4256 349
733 4189 761 4243 b.
776 4207 816 4256 19,
830 4185 909 4258 &c.);
929 4190 1040 4254 Seneca,
1053 4186 1118 4241 Nat.
1131 4189 1246 4256 Qaest.
1259 4188 1296 4242 iii.

146 4298 172 4346 9,
185 4295 226 4332 ro.
263 4274 388 4330 Grnnted
406 4274 454 4328 the
472 4273 598 4328 doctrine
616 4273 648 4326 of
663 4273 711 4327 the
728 4272 958 4342 transmutability
970 4270 1002 4325 of
1015 4271 1063 4325 the
1075 4271 1224 4338 elements3
1243 4271 1297 4324 this

146 4360 246 4416 absurd
257 4359 357 4426 theory
369 4373 457 4410 seems
470 4356 576 4409 natural
589 4356 706 4425 enough.

181 4443 193 4474 ⁴
211 4443 274 4496 The
293 4440 391 4496 reader
402 4440 456 4494 will
473 4439 530 4494 find
547 4455 624 4494 some
642 4453 708 4509 very
720 4441 831 4493 curious
849 4438 973 4492 remarks
989 4453 1026 4492 on
1043 4437 1122 4492 these
1134 4437 1255 4507 subjects
1268 4438 1294 4492 in

144 4528 193 4584 the
207 4526 332 4582 Historia
345 4525 423 4580 Vitae
436 4531 466 4580 et
478 4523 588 4592 Mortis,
602 4524 635 4580 E.
647 4524 701 4580 and
714 4526 749 4588 S,
763 4524 816 4580 vol.
828 4523 855 4578 ii.
867 4539 913 4594 pp.
926 4525 1038 4587 161211.
