<?xml version="1.0" encoding="UTF-8"?>
<!DOCTYPE html PUBLIC "-//W3C//DTD XHTML 1.0 Transitional//EN"
    "http://www.w3.org/TR/xhtml1/DTD/xhtml1-transitional.dtd">
<html xmlns="http://www.w3.org/1999/xhtml" xml:lang="en" lang="en">
 <head>
  <title>
</title>
<meta http-equiv="Content-Type" content="text/html;charset=utf-8" />
  <meta name='ocr-system' content='tesseract 3.04.00' />
  <meta name='ocr-capabilities' content='ocr_page ocr_carea ocr_par ocr_line ocrx_word'/>
</head>
<body>
  <div class='ocr_page' id='page_1' title='image "./baconsnovumorga01fowlgoog/baconsnovumorga01fowlgoog_0610.png"; bbox 0 0 3208 5094; ppageno 0'>
   <div class='ocr_carea' id='block_1_1' title="bbox 608 403 1298 522">
    <p class='ocr_par' dir='ltr' id='par_1_1' title="bbox 608 403 1298 522">
     <span class='ocr_line' id='line_1_1' title="bbox 608 403 1298 522; baseline -0.004 -23"><span class='ocrx_word' id='word_1_1' title='bbox 608 437 690 500; x_wconf 73' lang='grc' dir='ltr'>ΜΒ.</span> <span class='ocrx_word' id='word_1_2' title='bbox 713 441 757 498; x_wconf 84' lang='grc' dir='ltr'>ΙΙ.</span> <span class='ocrx_word' id='word_1_3' title='bbox 781 451 833 522; x_wconf 80' lang='lat'>52.</span> <span class='ocrx_word' id='word_1_4' title='bbox 1235 403 1298 516; x_wconf 85' lang='lat'>587</span> 
     </span>
    </p>
   </div>
   <div class='ocr_carea' id='block_1_2' title="bbox 143 605 1331 4111">
    <p class='ocr_par' dir='ltr' id='par_1_2' title="bbox 143 605 1331 3179">
     <span class='ocr_line' id='line_1_2' title="bbox 143 605 1298 685; baseline -0.003 -13"><span class='ocrx_word' id='word_1_5' title='bbox 143 607 326 674; x_wconf 76' lang='lat' dir='ltr'>Instantias</span> <span class='ocrx_word' id='word_1_6' title='bbox 342 608 515 674; x_wconf 84' lang='lat' dir='ltr'>Divertii:</span> <span class='ocrx_word' id='word_1_7' title='bbox 545 607 728 674; x_wconf 87' lang='lat' dir='ltr'>Instantiae</span> <span class='ocrx_word' id='word_1_8' title='bbox 747 605 900 685; x_wconf 86' lang='lat' dir='ltr'>Jannae:</span> <span class='ocrx_word' id='word_1_9' title='bbox 930 608 1114 674; x_wconf 89' lang='lat' dir='ltr'>Instantiae</span> <span class='ocrx_word' id='word_1_10' title='bbox 1133 606 1298 676; x_wconf 83' lang='lat' dir='ltr'>Citantes:</span> 
     </span>
     <span class='ocr_line' id='line_1_3' title="bbox 143 711 1298 794; baseline -0.002 -18"><span class='ocrx_word' id='word_1_11' title='bbox 143 713 327 778; x_wconf 88' lang='lat' dir='ltr'>Instantiae</span> <span class='ocrx_word' id='word_1_12' title='bbox 361 713 460 778; x_wconf 83' lang='lat' dir='ltr'>Viae:</span> <span class='ocrx_word' id='word_1_13' title='bbox 493 711 676 777; x_wconf 78' lang='lat' dir='ltr'>instantiae</span> <span class='ocrx_word' id='word_1_14' title='bbox 701 712 940 794; x_wconf 81' lang='lat' dir='ltr'>Supplementi:</span> <span class='ocrx_word' id='word_1_15' title='bbox 974 712 1157 778; x_wconf 87' lang='lat' dir='ltr'>Instantiae</span> <span class='ocrx_word' id='word_1_16' title='bbox 1182 713 1298 776; x_wconf 86' lang='lat' dir='ltr'>Perse-</span> 
     </span>
     <span class='ocr_line' id='line_1_4' title="bbox 144 814 1299 898; baseline 0 -19"><span class='ocrx_word' id='word_1_17' title='bbox 144 826 250 881; x_wconf 87' lang='lat' dir='ltr'>cantes</span> <span class='ocrx_word' id='word_1_18' title='bbox 263 837 276 882; x_wconf 90' lang='lat'>.·</span> <span class='ocrx_word' id='word_1_19' title='bbox 320 814 505 880; x_wconf 70' lang='lat' dir='ltr'>instantiae</span> <span class='ocrx_word' id='word_1_20' title='bbox 549 815 696 898; x_wconf 82' lang='lat' dir='ltr'><em>Virgae:</em></span> <span class='ocrx_word' id='word_1_21' title='bbox 740 816 924 881; x_wconf 85' lang='lat' dir='ltr'>Instantiae</span> <span class='ocrx_word' id='word_1_22' title='bbox 964 815 1152 883; x_wconf 83' lang='lat' dir='ltr'>Curre&#39;eali:</span> <span class='ocrx_word' id='word_1_23' title='bbox 1169 831 1179 848; x_wconf 91' lang='lat'><strong>·</strong></span> <span class='ocrx_word' id='word_1_24' title='bbox 1194 816 1299 879; x_wconf 86' lang='lat' dir='ltr'>Dases</span> 
     </span>
     <span class='ocr_line' id='line_1_5' title="bbox 144 917 1299 986; baseline 0 -2"><span class='ocrx_word' id='word_1_25' title='bbox 144 920 317 985; x_wconf 81' lang='lat' dir='ltr'><em>Naturae:</em></span> <span class='ocrx_word' id='word_1_26' title='bbox 340 920 524 984; x_wconf 88' lang='lat' dir='ltr'>Instantiae</span> <span class='ocrx_word' id='word_1_27' title='bbox 537 917 681 984; x_wconf 75' lang='lat' dir='ltr'>Lnetae:</span> <span class='ocrx_word' id='word_1_28' title='bbox 701 919 885 984; x_wconf 56' lang='lat' dir='ltr'>Im</span> <span class='ocrx_word' id='word_1_29' title='bbox 897 921 1093 986; x_wconf 54' lang='lat' dir='ltr'>m.-</span> <span class='ocrx_word' id='word_1_30' title='bbox 1114 919 1299 984; x_wconf 63' lang='lat' dir='ltr'>manae</span> 
     </span>
     <span class='ocr_line' id='line_1_6' title="bbox 145 1023 1299 1106; baseline 0.002 -20"><span class='ocrx_word' id='word_1_31' title='bbox 145 1023 386 1106; x_wconf 79' lang='lat' dir='ltr'>Polychrestae:</span> <span class='ocrx_word' id='word_1_32' title='bbox 407 1024 592 1090; x_wconf 89' lang='lat' dir='ltr'>Instantiae</span> <span class='ocrx_word' id='word_1_33' title='bbox 603 1024 767 1106; x_wconf 85' lang='lat' dir='ltr'>Magicae.</span> <span class='ocrx_word' id='word_1_34' title='bbox 807 1024 897 1089; x_wconf 85' lang='lat' dir='ltr'>Usus</span> <span class='ocrx_word' id='word_1_35' title='bbox 911 1034 1026 1090; x_wconf 90' lang='lat' dir='ltr'>autem</span> <span class='ocrx_word' id='word_1_36' title='bbox 1040 1025 1157 1090; x_wconf 88' lang='lat' dir='ltr'>harum</span> <span class='ocrx_word' id='word_1_37' title='bbox 1174 1027 1299 1090; x_wconf 89' lang='lat' dir='ltr'>instan-</span> 
     </span>
     <span class='ocr_line' id='line_1_7' title="bbox 147 1124 1299 1213; baseline 0.001 -23"><span class='ocrx_word' id='word_1_38' title='bbox 147 1128 282 1206; x_wconf 89' lang='lat' dir='ltr'>tiarum,</span> <span class='ocrx_word' id='word_1_39' title='bbox 291 1127 325 1191; x_wconf 90' lang='lat' dir='ltr'>in</span> <span class='ocrx_word' id='word_1_40' title='bbox 340 1147 407 1210; x_wconf 92' lang='lat' dir='ltr'>quo</span> <span class='ocrx_word' id='word_1_41' title='bbox 423 1124 599 1192; x_wconf 84' lang='lat' dir='ltr'>instantias</span> <span class='ocrx_word' id='word_1_42' title='bbox 614 1126 766 1210; x_wconf 84' lang='lat' dir='ltr'>vulgares</span> <span class='ocrx_word' id='word_1_43' title='bbox 780 1126 958 1206; x_wconf 85' lang='lat' dir='ltr'>excellunt,</span> <span class='ocrx_word' id='word_1_44' title='bbox 968 1139 1116 1193; x_wconf 90' lang='lat' dir='ltr'>versatur</span> <span class='ocrx_word' id='word_1_45' title='bbox 1129 1129 1164 1192; x_wconf 92' lang='lat' dir='ltr'>in</span> <span class='ocrx_word' id='word_1_46' title='bbox 1178 1148 1299 1213; x_wconf 82' lang='lat' dir='ltr'>genere</span> 
     </span>
     <span class='ocr_line' id='line_1_8' title="bbox 146 1229 1300 1315; baseline 0 -19"><span class='ocrx_word' id='word_1_47' title='bbox 146 1241 204 1296; x_wconf 90' lang='lat' dir='ltr'>aut</span> <span class='ocrx_word' id='word_1_48' title='bbox 226 1231 311 1296; x_wconf 89' lang='lat' dir='ltr'>circa</span> <span class='ocrx_word' id='word_1_49' title='bbox 337 1240 468 1315; x_wconf 89' lang='lat' dir='ltr'>partem</span> <span class='ocrx_word' id='word_1_50' title='bbox 494 1229 738 1295; x_wconf 80' lang='lat' dir='ltr'>informativam</span> <span class='ocrx_word' id='word_1_51' title='bbox 750 1256 758 1309; x_wconf 93' lang='lat'>;</span> <span class='ocrx_word' id='word_1_52' title='bbox 790 1238 848 1294; x_wconf 90' lang='lat' dir='ltr'>aut</span> <span class='ocrx_word' id='word_1_53' title='bbox 874 1231 959 1295; x_wconf 89' lang='lat' dir='ltr'>circa</span> <span class='ocrx_word' id='word_1_54' title='bbox 985 1233 1208 1314; x_wconf 88' lang='lat' dir='ltr'>operativam;</span> <span class='ocrx_word' id='word_1_55' title='bbox 1242 1240 1300 1296; x_wconf 88' lang='lat' dir='ltr'>aut</span> 
     </span>
     <span class='ocr_line' id='line_1_9' title="bbox 147 1331 1300 1417; baseline 0 -18"><span class='ocrx_word' id='word_1_56' title='bbox 147 1335 233 1400; x_wconf 86' lang='lat' dir='ltr'>circa</span> <span class='ocrx_word' id='word_1_57' title='bbox 251 1343 433 1417; x_wconf 90' lang='lat' dir='ltr'>utramque.</span> <span class='ocrx_word' id='word_1_58' title='bbox 476 1333 594 1417; x_wconf 87' lang='lat' dir='ltr'>Atque</span> <span class='ocrx_word' id='word_1_59' title='bbox 616 1334 727 1417; x_wconf 89' lang='lat' dir='ltr'>quoad</span> <span class='ocrx_word' id='word_1_60' title='bbox 751 1331 1002 1412; x_wconf 81' lang='lat' dir='ltr'>informativam,</span> <span class='ocrx_word' id='word_1_61' title='bbox 1014 1334 1132 1417; x_wconf 88' lang='lat' dir='ltr'>juvant</span> <span class='ocrx_word' id='word_1_62' title='bbox 1149 1334 1224 1399; x_wconf 89' lang='lat' dir='ltr'>illae</span> <span class='ocrx_word' id='word_1_63' title='bbox 1242 1343 1300 1399; x_wconf 89' lang='lat' dir='ltr'>aut</span> 
     </span>
     <span class='ocr_line' id='line_1_10' title="bbox 147 1434 1301 1520; baseline 0 -18"><span class='ocrx_word' id='word_1_64' title='bbox 147 1459 289 1517; x_wconf 93' lang='lat' dir='ltr'>sensum,</span> <span class='ocrx_word' id='word_1_65' title='bbox 318 1446 377 1502; x_wconf 90' lang='lat' dir='ltr'>aut</span> <span class='ocrx_word' id='word_1_66' title='bbox 410 1437 625 1502; x_wconf 90' lang='lat' dir='ltr'>intellectum.</span> <span class='ocrx_word' id='word_1_67' title='bbox 686 1434 840 1512; x_wconf 87' lang='lat' dir='ltr'>Sensum,</span> <span class='ocrx_word' id='word_1_68' title='bbox 874 1445 910 1501; x_wconf 89' lang='lat' dir='ltr'>ut</span> <span class='ocrx_word' id='word_1_69' title='bbox 943 1438 1089 1520; x_wconf 89' lang='lat' dir='ltr'>quinque</span> <span class='ocrx_word' id='word_1_70' title='bbox 1119 1439 1301 1503; x_wconf 78' lang='lat' dir='ltr'>instantiae</span> 
     </span>
     <span class='ocr_line' id='line_1_11' title="bbox 147 1538 1301 1624; baseline -0.002 -18"><span class='ocrx_word' id='word_1_71' title='bbox 147 1539 330 1624; x_wconf 74' lang='lat' dir='ltr'>lampadis</span> <span class='ocrx_word' id='word_1_72' title='bbox 339 1538 384 1602; x_wconf 81' lang='lat'>⁰⁸:</span> <span class='ocrx_word' id='word_1_73' title='bbox 414 1539 629 1618; x_wconf 89' lang='lat' dir='ltr'>intellectum,</span> <span class='ocrx_word' id='word_1_74' title='bbox 644 1547 703 1603; x_wconf 88' lang='lat' dir='ltr'>aut</span> <span class='ocrx_word' id='word_1_75' title='bbox 717 1538 932 1603; x_wconf 86' lang='lat' dir='ltr'>accelerando</span> <span class='ocrx_word' id='word_1_76' title='bbox 948 1540 1152 1605; x_wconf 86' lang='lat' dir='ltr'>exclusivam</span> <span class='ocrx_word' id='word_1_77' title='bbox 1167 1542 1301 1620; x_wconf 87' lang='lat' dir='ltr'>formae,</span> 
     </span>
     <span class='ocr_line' id='line_1_12' title="bbox 147 1642 1301 1726; baseline -0.001 -17"><span class='ocrx_word' id='word_1_78' title='bbox 147 1654 184 1710; x_wconf 91' lang='lat' dir='ltr'>ut</span> <span class='ocrx_word' id='word_1_79' title='bbox 204 1643 405 1720; x_wconf 84' lang='lat' dir='ltr'>Solitariae;</span> <span class='ocrx_word' id='word_1_80' title='bbox 427 1652 487 1708; x_wconf 90' lang='lat' dir='ltr'>aut</span> <span class='ocrx_word' id='word_1_81' title='bbox 508 1642 731 1726; x_wconf 84' lang='lat' dir='ltr'>angustiando</span> <span class='ocrx_word' id='word_1_82' title='bbox 754 1652 788 1706; x_wconf 90' lang='lat' dir='ltr'>et</span> <span class='ocrx_word' id='word_1_83' title='bbox 806 1643 941 1725; x_wconf 88' lang='lat' dir='ltr'>propius</span> <span class='ocrx_word' id='word_1_84' title='bbox 963 1644 1139 1708; x_wconf 89' lang='lat' dir='ltr'>indicando</span> <span class='ocrx_word' id='word_1_85' title='bbox 1161 1645 1301 1708; x_wconf 89' lang='lat' dir='ltr'>affirma·</span> 
     </span>
     <span class='ocr_line' id='line_1_13' title="bbox 146 1745 1300 1828; baseline -0.002 -16"><span class='ocrx_word' id='word_1_86' title='bbox 146 1748 250 1813; x_wconf 91' lang='lat' dir='ltr'>tivam</span> <span class='ocrx_word' id='word_1_87' title='bbox 280 1748 413 1826; x_wconf 85' lang='lat' dir='ltr'>formae,</span> <span class='ocrx_word' id='word_1_88' title='bbox 444 1753 481 1811; x_wconf 90' lang='lat' dir='ltr'>ut</span> <span class='ocrx_word' id='word_1_89' title='bbox 519 1746 716 1828; x_wconf 71' lang='lat' dir='ltr'>Migrantes,</span> <span class='ocrx_word' id='word_1_90' title='bbox 757 1745 955 1824; x_wconf 80' lang='lat' dir='ltr'>Ostensivae,</span> <span class='ocrx_word' id='word_1_91' title='bbox 997 1747 1185 1828; x_wconf 83' lang='lat' dir='ltr'>Comitatus,</span> <span class='ocrx_word' id='word_1_92' title='bbox 1225 1767 1300 1812; x_wconf 91' lang='lat' dir='ltr'>cum</span> 
     </span>
     <span class='ocr_line' id='line_1_14' title="bbox 149 1849 1301 1936; baseline 0 -20"><span class='ocrx_word' id='word_1_93' title='bbox 149 1851 397 1935; x_wconf 62' lang='lat' dir='ltr'>Substantiam:</span> <span class='ocrx_word' id='word_1_94' title='bbox 426 1859 486 1915; x_wconf 86' lang='lat' dir='ltr'>aut</span> <span class='ocrx_word' id='word_1_95' title='bbox 500 1850 657 1935; x_wconf 88' lang='lat' dir='ltr'>erigendo</span> <span class='ocrx_word' id='word_1_96' title='bbox 673 1849 887 1930; x_wconf 87' lang='lat' dir='ltr'>intellectum,</span> <span class='ocrx_word' id='word_1_97' title='bbox 902 1860 936 1915; x_wconf 93' lang='lat' dir='ltr'>et</span> <span class='ocrx_word' id='word_1_98' title='bbox 951 1852 1103 1916; x_wconf 90' lang='lat' dir='ltr'>ducendo</span> <span class='ocrx_word' id='word_1_99' title='bbox 1118 1854 1161 1917; x_wconf 92' lang='lat' dir='ltr'>ad</span> <span class='ocrx_word' id='word_1_100' title='bbox 1179 1871 1301 1936; x_wconf 85' lang='lat' dir='ltr'>genera</span> 
     </span>
     <span class='ocr_line' id='line_1_15' title="bbox 148 1954 1302 2038; baseline -0.001 -18"><span class='ocrx_word' id='word_1_101' title='bbox 148 1964 182 2020; x_wconf 93' lang='lat' dir='ltr'>et</span> <span class='ocrx_word' id='word_1_102' title='bbox 198 1965 332 2020; x_wconf 88' lang='lat' dir='ltr'>naturas</span> <span class='ocrx_word' id='word_1_103' title='bbox 347 1975 560 2033; x_wconf 91' lang='lat' dir='ltr'>communes;</span> <span class='ocrx_word' id='word_1_104' title='bbox 583 1955 683 2038; x_wconf 90' lang='lat' dir='ltr'>idque</span> <span class='ocrx_word' id='word_1_105' title='bbox 705 1962 763 2018; x_wconf 89' lang='lat' dir='ltr'>aut</span> <span class='ocrx_word' id='word_1_106' title='bbox 785 1954 985 2035; x_wconf 86' lang='lat' dir='ltr'>immediate,</span> <span class='ocrx_word' id='word_1_107' title='bbox 1008 1964 1045 2020; x_wconf 93' lang='lat' dir='ltr'>ut</span> <span class='ocrx_word' id='word_1_108' title='bbox 1069 1954 1302 2034; x_wconf 88' lang='lat' dir='ltr'>Clandestinae,</span> 
     </span>
     <span class='ocr_line' id='line_1_16' title="bbox 148 2057 1301 2142; baseline 0.001 -20"><span class='ocrx_word' id='word_1_109' title='bbox 148 2058 348 2138; x_wconf 79' lang='lat' dir='ltr'>Monadicae,</span> <span class='ocrx_word' id='word_1_110' title='bbox 373 2059 550 2133; x_wconf 88' lang='lat' dir='ltr'>Foederis,·</span> <span class='ocrx_word' id='word_1_111' title='bbox 583 2066 642 2122; x_wconf 86' lang='lat' dir='ltr'>aut</span> <span class='ocrx_word' id='word_1_112' title='bbox 665 2057 770 2142; x_wconf 88' lang='lat' dir='ltr'>gradu</span> <span class='ocrx_word' id='word_1_113' title='bbox 791 2058 955 2140; x_wconf 88' lang='lat' dir='ltr'>proximo,</span> <span class='ocrx_word' id='word_1_114' title='bbox 979 2067 1017 2124; x_wconf 89' lang='lat' dir='ltr'>ut</span> <span class='ocrx_word' id='word_1_115' title='bbox 1044 2058 1278 2128; x_wconf 79' lang='lat' dir='ltr'>Constitutione</span> <span class='ocrx_word' id='word_1_116' title='bbox 1286 2083 1301 2136; x_wconf 89' lang='lat'>,·</span> 
     </span>
     <span class='ocr_line' id='line_1_17' title="bbox 149 2146 1331 2244; baseline -0.001 -18"><span class='ocrx_word' id='word_1_117' title='bbox 149 2170 208 2226; x_wconf 90' lang='lat' dir='ltr'>aut</span> <span class='ocrx_word' id='word_1_118' title='bbox 224 2162 331 2244; x_wconf 79' lang='lat' dir='ltr'>gradu</span> <span class='ocrx_word' id='word_1_119' title='bbox 353 2161 475 2240; x_wconf 88' lang='lat' dir='ltr'>infimo,</span> <span class='ocrx_word' id='word_1_120' title='bbox 490 2170 527 2225; x_wconf 89' lang='lat' dir='ltr'>ut</span> <span class='ocrx_word' id='word_1_121' title='bbox 552 2161 762 2242; x_wconf 56' lang='lat' dir='ltr'>conformem·</span> <span class='ocrx_word' id='word_1_122' title='bbox 784 2171 843 2226; x_wconf 88' lang='lat' dir='ltr'>aut</span> <span class='ocrx_word' id='word_1_123' title='bbox 861 2163 1074 2228; x_wconf 88' lang='lat' dir='ltr'>rectificando</span> <span class='ocrx_word' id='word_1_124' title='bbox 1094 2164 1301 2229; x_wconf 90' lang='lat' dir='ltr'>intellectum</span> <span class='ocrx_word' id='word_1_125' title='bbox 1329 2146 1331 2152; x_wconf 40' lang='lat'>¹</span> 
     </span>
     <span class='ocr_line' id='line_1_18' title="bbox 150 2265 1302 2352; baseline 0 -22"><span class='ocrx_word' id='word_1_126' title='bbox 150 2287 169 2329; x_wconf 92' lang='lat' dir='ltr'>a</span> <span class='ocrx_word' id='word_1_127' title='bbox 185 2266 357 2343; x_wconf 69' lang='lat' dir='ltr'>consuetis</span> <span class='ocrx_word' id='word_1_128' title='bbox 373 2275 410 2330; x_wconf 93' lang='lat' dir='ltr'>ut</span> <span class='ocrx_word' id='word_1_129' title='bbox 423 2265 625 2340; x_wconf 86' lang='lat' dir='ltr'>Deviantes,·</span> <span class='ocrx_word' id='word_1_130' title='bbox 655 2274 714 2329; x_wconf 94' lang='lat' dir='ltr'>aut</span> <span class='ocrx_word' id='word_1_131' title='bbox 730 2265 880 2330; x_wconf 90' lang='lat' dir='ltr'>ducendo</span> <span class='ocrx_word' id='word_1_132' title='bbox 895 2267 938 2331; x_wconf 90' lang='lat' dir='ltr'>ad</span> <span class='ocrx_word' id='word_1_133' title='bbox 955 2267 1112 2332; x_wconf 91' lang='lat' dir='ltr'>Formam</span> <span class='ocrx_word' id='word_1_134' title='bbox 1132 2268 1302 2352; x_wconf 86' lang='lat' dir='ltr'>Magnam,</span> 
     </span>
     <span class='ocr_line' id='line_1_19' title="bbox 150 2367 1302 2448; baseline 0 -15"><span class='ocrx_word' id='word_1_135' title='bbox 150 2369 218 2434; x_wconf 89' lang='lat' dir='ltr'>sive</span> <span class='ocrx_word' id='word_1_136' title='bbox 241 2368 416 2433; x_wconf 87' lang='lat' dir='ltr'>Fabricam</span> <span class='ocrx_word' id='word_1_137' title='bbox 441 2367 639 2448; x_wconf 58' lang='lat' dir='ltr'>Universiffl,</span> <span class='ocrx_word' id='word_1_138' title='bbox 662 2377 700 2433; x_wconf 93' lang='lat' dir='ltr'>ut</span> <span class='ocrx_word' id='word_1_139' title='bbox 728 2367 958 2444; x_wconf 88' lang='lat' dir='ltr'>Limitaneae,·</span> <span class='ocrx_word' id='word_1_140' title='bbox 995 2377 1054 2435; x_wconf 90' lang='lat' dir='ltr'>aut</span> <span class='ocrx_word' id='word_1_141' title='bbox 1083 2372 1230 2435; x_wconf 89' lang='lat' dir='ltr'>cavendo</span> <span class='ocrx_word' id='word_1_142' title='bbox 1259 2371 1302 2434; x_wconf 91' lang='lat' dir='ltr'>de</span> 
     </span>
     <span class='ocr_line' id='line_1_20' title="bbox 150 2471 1301 2556; baseline 0 -19"><span class='ocrx_word' id='word_1_143' title='bbox 150 2472 263 2538; x_wconf 81' lang='lat' dir='ltr'>formis</span> <span class='ocrx_word' id='word_1_144' title='bbox 284 2482 318 2538; x_wconf 92' lang='lat' dir='ltr'>et</span> <span class='ocrx_word' id='word_1_145' title='bbox 336 2473 441 2537; x_wconf 89' lang='lat' dir='ltr'>causis</span> <span class='ocrx_word' id='word_1_146' title='bbox 461 2472 561 2550; x_wconf 81' lang='lat' dir='ltr'>falsis,</span> <span class='ocrx_word' id='word_1_147' title='bbox 577 2481 615 2538; x_wconf 91' lang='lat' dir='ltr'>ut</span> <span class='ocrx_word' id='word_1_148' title='bbox 639 2471 753 2539; x_wconf 81' lang='lat' dir='ltr'><em>Crucis</em></span> <span class='ocrx_word' id='word_1_149' title='bbox 775 2480 809 2536; x_wconf 90' lang='lat' dir='ltr'>et</span> <span class='ocrx_word' id='word_1_150' title='bbox 829 2473 989 2538; x_wconf 84' lang='lat' dir='ltr'>De&#39;uartii.</span> <span class='ocrx_word' id='word_1_151' title='bbox 1036 2473 1136 2556; x_wconf 83' lang='lat' dir='ltr'>Quod</span> <span class='ocrx_word' id='word_1_152' title='bbox 1158 2494 1236 2538; x_wconf 91' lang='lat' dir='ltr'>vero</span> <span class='ocrx_word' id='word_1_153' title='bbox 1258 2474 1301 2538; x_wconf 86' lang='lat' dir='ltr'>ad</span> 
     </span>
     <span class='ocr_line' id='line_1_21' title="bbox 151 2575 1302 2660; baseline -0.003 -17"><span class='ocrx_word' id='word_1_154' title='bbox 151 2577 368 2660; x_wconf 89' lang='lat' dir='ltr'>Operativam</span> <span class='ocrx_word' id='word_1_155' title='bbox 390 2576 530 2656; x_wconf 88' lang='lat' dir='ltr'>attinet;</span> <span class='ocrx_word' id='word_1_156' title='bbox 553 2575 629 2640; x_wconf 90' lang='lat' dir='ltr'>illae</span> <span class='ocrx_word' id='word_1_157' title='bbox 647 2576 829 2659; x_wconf 86' lang='lat' dir='ltr'>practicam</span> <span class='ocrx_word' id='word_1_158' title='bbox 847 2586 905 2640; x_wconf 90' lang='lat' dir='ltr'>aut</span> <span class='ocrx_word' id='word_1_159' title='bbox 928 2576 1113 2660; x_wconf 88' lang='lat' dir='ltr'>designant,</span> <span class='ocrx_word' id='word_1_160' title='bbox 1129 2585 1188 2642; x_wconf 90' lang='lat' dir='ltr'>aut</span> <span class='ocrx_word' id='word_1_161' title='bbox 1211 2597 1302 2640; x_wconf 87' lang='lat' dir='ltr'>men-</span> 
     </span>
     <span class='ocr_line' id='line_1_22' title="bbox 150 2679 1303 2762; baseline -0.003 -16"><span class='ocrx_word' id='word_1_162' title='bbox 150 2689 271 2761; x_wconf 86' lang='lat' dir='ltr'>surant,</span> <span class='ocrx_word' id='word_1_163' title='bbox 295 2690 353 2744; x_wconf 90' lang='lat' dir='ltr'>aut</span> <span class='ocrx_word' id='word_1_164' title='bbox 374 2679 558 2744; x_wconf 85' lang='lat' dir='ltr'>sublevant.</span> <span class='ocrx_word' id='word_1_165' title='bbox 604 2679 792 2761; x_wconf 88' lang='lat' dir='ltr'>Designant</span> <span class='ocrx_word' id='word_1_166' title='bbox 814 2687 872 2742; x_wconf 87' lang='lat' dir='ltr'>aut</span> <span class='ocrx_word' id='word_1_167' title='bbox 898 2680 1104 2743; x_wconf 89' lang='lat' dir='ltr'>ostendendo</span> <span class='ocrx_word' id='word_1_168' title='bbox 1130 2701 1151 2743; x_wconf 89' lang='lat' dir='ltr'>a</span> <span class='ocrx_word' id='word_1_169' title='bbox 1183 2681 1303 2762; x_wconf 89' lang='lat' dir='ltr'>quibus</span> 
     </span>
     <span class='ocr_line' id='line_1_23' title="bbox 150 2780 1304 2869; baseline -0.001 -21"><span class='ocrx_word' id='word_1_170' title='bbox 150 2784 383 2869; x_wconf 90' lang='lat' dir='ltr'>incipiendum,</span> <span class='ocrx_word' id='word_1_171' title='bbox 400 2805 441 2848; x_wconf 90' lang='lat' dir='ltr'>ne</span> <span class='ocrx_word' id='word_1_172' title='bbox 463 2793 575 2847; x_wconf 89' lang='lat' dir='ltr'>actum</span> <span class='ocrx_word' id='word_1_173' title='bbox 598 2802 746 2865; x_wconf 86' lang='lat' dir='ltr'>agamus,</span> <span class='ocrx_word' id='word_1_174' title='bbox 762 2789 800 2846; x_wconf 93' lang='lat' dir='ltr'>ut</span> <span class='ocrx_word' id='word_1_175' title='bbox 822 2780 1004 2847; x_wconf 89' lang='lat' dir='ltr'>Instantiae</span> <span class='ocrx_word' id='word_1_176' title='bbox 1025 2782 1224 2859; x_wconf 88' lang='lat' dir='ltr'>Potestatis,·</span> <span class='ocrx_word' id='word_1_177' title='bbox 1247 2792 1304 2848; x_wconf 90' lang='lat' dir='ltr'>aut</span> 
     </span>
     <span class='ocr_line' id='line_1_24' title="bbox 150 2885 1304 2972; baseline -0.003 -19"><span class='ocrx_word' id='word_1_178' title='bbox 150 2891 193 2954; x_wconf 89' lang='lat' dir='ltr'>ad</span> <span class='ocrx_word' id='word_1_179' title='bbox 220 2889 301 2972; x_wconf 92' lang='lat' dir='ltr'>quid</span> <span class='ocrx_word' id='word_1_180' title='bbox 327 2887 548 2972; x_wconf 86' lang='lat' dir='ltr'>aspirandum,</span> <span class='ocrx_word' id='word_1_181' title='bbox 574 2887 601 2950; x_wconf 90' lang='lat' dir='ltr'>si</span> <span class='ocrx_word' id='word_1_182' title='bbox 627 2888 725 2951; x_wconf 88' lang='lat' dir='ltr'>detur</span> <span class='ocrx_word' id='word_1_183' title='bbox 751 2885 899 2966; x_wconf 78' lang='lat' dir='ltr'>facultas,</span> <span class='ocrx_word' id='word_1_184' title='bbox 923 2896 960 2951; x_wconf 90' lang='lat' dir='ltr'>ut</span> <span class='ocrx_word' id='word_1_185' title='bbox 988 2888 1182 2952; x_wconf 88' lang='lat' dir='ltr'>Innuentes:</span> <span class='ocrx_word' id='word_1_186' title='bbox 1213 2908 1304 2950; x_wconf 92' lang='lat' dir='ltr'>men·</span> 
     </span>
     <span class='ocr_line' id='line_1_25' title="bbox 151 2987 1306 3076; baseline -0.001 -19"><span class='ocrx_word' id='word_1_187' title='bbox 151 3002 263 3058; x_wconf 85' lang='lat' dir='ltr'>surant</span> <span class='ocrx_word' id='word_1_188' title='bbox 287 3001 427 3075; x_wconf 87' lang='lat' dir='ltr'>quatuor</span> <span class='ocrx_word' id='word_1_189' title='bbox 448 2991 523 3056; x_wconf 90' lang='lat' dir='ltr'>illae</span> <span class='ocrx_word' id='word_1_190' title='bbox 545 2987 800 3056; x_wconf 78' lang='lat' dir='ltr'>Mathematicae</span> <span class='ocrx_word' id='word_1_191' title='bbox 808 2989 854 3053; x_wconf 83' lang='lat'>⁷⁰:</span> <span class='ocrx_word' id='word_1_192' title='bbox 885 2989 1059 3056; x_wconf 90' lang='lat' dir='ltr'>sublevant</span> <span class='ocrx_word' id='word_1_193' title='bbox 1081 2988 1306 3076; x_wconf 80' lang='lat' dir='ltr'>Palycirestae</span> 
     </span>
     <span class='ocr_line' id='line_1_26' title="bbox 152 3096 362 3179; baseline -0.01 -18"><span class='ocrx_word' id='word_1_194' title='bbox 152 3107 186 3161; x_wconf 90' lang='lat' dir='ltr'>et</span> <span class='ocrx_word' id='word_1_195' title='bbox 201 3096 362 3179; x_wconf 79' lang='lat' dir='ltr'>Magicae.</span> 
     </span>
    </p>

    <p class='ocr_par' dir='ltr' id='par_1_3' title="bbox 146 3195 1305 4111">
     <span class='ocr_line' id='line_1_27' title="bbox 195 3195 1304 3283; baseline 0.002 -21"><span class='ocrx_word' id='word_1_196' title='bbox 195 3201 322 3264; x_wconf 90' lang='lat' dir='ltr'>Rursus</span> <span class='ocrx_word' id='word_1_197' title='bbox 353 3221 397 3264; x_wconf 86' lang='lat' dir='ltr'>ex</span> <span class='ocrx_word' id='word_1_198' title='bbox 427 3199 498 3263; x_wconf 92' lang='lat' dir='ltr'>istis</span> <span class='ocrx_word' id='word_1_199' title='bbox 529 3198 697 3263; x_wconf 84' lang='lat' dir='ltr'>instantiis</span> <span class='ocrx_word' id='word_1_200' title='bbox 728 3211 778 3278; x_wconf 80' lang='lat'>27,</span> <span class='ocrx_word' id='word_1_201' title='bbox 810 3197 1043 3264; x_wconf 89' lang='lat' dir='ltr'>nonnullarum</span> <span class='ocrx_word' id='word_1_202' title='bbox 1072 3195 1124 3283; x_wconf 89' lang='lat' dir='ltr'>(ut</span> <span class='ocrx_word' id='word_1_203' title='bbox 1155 3197 1304 3283; x_wconf 90' lang='lat' dir='ltr'>superius</span> 
     </span>
     <span class='ocr_line' id='line_1_28' title="bbox 151 3299 1304 3387; baseline 0.001 -19"><span class='ocrx_word' id='word_1_204' title='bbox 151 3304 297 3368; x_wconf 86' lang='lat' dir='ltr'>diximus</span> <span class='ocrx_word' id='word_1_205' title='bbox 312 3305 354 3368; x_wconf 90' lang='lat' dir='ltr'>de</span> <span class='ocrx_word' id='word_1_206' title='bbox 372 3299 551 3387; x_wconf 87' lang='lat' dir='ltr'>aliquibus)</span> <span class='ocrx_word' id='word_1_207' title='bbox 571 3303 723 3368; x_wconf 87' lang='lat' dir='ltr'>facienda</span> <span class='ocrx_word' id='word_1_208' title='bbox 738 3310 789 3366; x_wconf 90' lang='lat' dir='ltr'>est</span> <span class='ocrx_word' id='word_1_209' title='bbox 804 3301 954 3367; x_wconf 86' lang='lat' dir='ltr'>collectio</span> <span class='ocrx_word' id='word_1_210' title='bbox 972 3301 1042 3385; x_wconf 87' lang='lat' dir='ltr'>jam</span> <span class='ocrx_word' id='word_1_211' title='bbox 1062 3302 1106 3367; x_wconf 90' lang='lat' dir='ltr'>ab</span> <span class='ocrx_word' id='word_1_212' title='bbox 1125 3303 1227 3383; x_wconf 87' lang='lat' dir='ltr'>initio,</span> <span class='ocrx_word' id='word_1_213' title='bbox 1243 3324 1304 3369; x_wconf 90' lang='lat' dir='ltr'>nec</span> 
     </span>
     <span class='ocr_line' id='line_1_29' title="bbox 151 3404 1304 3490; baseline -0.001 -19"><span class='ocrx_word' id='word_1_214' title='bbox 151 3408 359 3490; x_wconf 86' lang='lat' dir='ltr'>expectanda</span> <span class='ocrx_word' id='word_1_215' title='bbox 380 3405 586 3489; x_wconf 86' lang='lat' dir='ltr'>particularis</span> <span class='ocrx_word' id='word_1_216' title='bbox 608 3404 777 3487; x_wconf 92' lang='lat' dir='ltr'>inquisitio</span> <span class='ocrx_word' id='word_1_217' title='bbox 801 3415 1000 3470; x_wconf 90' lang='lat' dir='ltr'>naturarum.</span> <span class='ocrx_word' id='word_1_218' title='bbox 1047 3405 1149 3488; x_wconf 90' lang='lat' dir='ltr'>Cujus</span> <span class='ocrx_word' id='word_1_219' title='bbox 1175 3409 1304 3490; x_wconf 90' lang='lat' dir='ltr'>generis</span> 
     </span>
     <span class='ocr_line' id='line_1_30' title="bbox 150 3507 1303 3589; baseline 0 -15"><span class='ocrx_word' id='word_1_220' title='bbox 150 3520 227 3575; x_wconf 88' lang='lat' dir='ltr'>sunt</span> <span class='ocrx_word' id='word_1_221' title='bbox 261 3511 436 3574; x_wconf 76' lang='lat' dir='ltr'>instantiae</span> <span class='ocrx_word' id='word_1_222' title='bbox 465 3508 652 3589; x_wconf 85' lang='lat' dir='ltr'>conformes,</span> <span class='ocrx_word' id='word_1_223' title='bbox 682 3507 872 3586; x_wconf 87' lang='lat' dir='ltr'>monadicae,</span> <span class='ocrx_word' id='word_1_224' title='bbox 903 3507 1076 3583; x_wconf 77' lang='lat' dir='ltr'>deviantes,</span> <span class='ocrx_word' id='word_1_225' title='bbox 1110 3509 1303 3588; x_wconf 88' lang='lat' dir='ltr'>limitaneae,</span> 
     </span>
     <span class='ocr_line' id='line_1_31' title="bbox 146 3609 1303 3696; baseline 0 -20"><span class='ocrx_word' id='word_1_226' title='bbox 146 3614 320 3695; x_wconf 79' lang='lat' dir='ltr'>potestatis,</span> <span class='ocrx_word' id='word_1_227' title='bbox 333 3613 471 3696; x_wconf 78' lang='lat' dir='ltr'>jannae,</span> <span class='ocrx_word' id='word_1_228' title='bbox 488 3612 661 3691; x_wconf 79' lang='lat' dir='ltr'>innuentes,</span> <span class='ocrx_word' id='word_1_229' title='bbox 672 3609 897 3693; x_wconf 82' lang='lat' dir='ltr'>polyclerestae,</span> <span class='ocrx_word' id='word_1_230' title='bbox 916 3613 1070 3693; x_wconf 84' lang='lat' dir='ltr'>mage&#39;cae.</span> <span class='ocrx_word' id='word_1_231' title='bbox 1116 3611 1192 3676; x_wconf 85' lang='lat' dir='ltr'>Hae</span> <span class='ocrx_word' id='word_1_232' title='bbox 1214 3614 1303 3676; x_wconf 91' lang='lat' dir='ltr'>enim</span> 
     </span>
     <span class='ocr_line' id='line_1_32' title="bbox 151 3712 1302 3792; baseline 0 -12"><span class='ocrx_word' id='word_1_233' title='bbox 151 3728 209 3781; x_wconf 87' lang='lat' dir='ltr'>aut</span> <span class='ocrx_word' id='word_1_234' title='bbox 230 3718 433 3782; x_wconf 88' lang='lat' dir='ltr'>auxiliantur</span> <span class='ocrx_word' id='word_1_235' title='bbox 454 3723 488 3780; x_wconf 90' lang='lat' dir='ltr'>et</span> <span class='ocrx_word' id='word_1_236' title='bbox 511 3714 685 3778; x_wconf 91' lang='lat' dir='ltr'>medentur</span> <span class='ocrx_word' id='word_1_237' title='bbox 707 3712 889 3778; x_wconf 90' lang='lat' dir='ltr'>intellectui</span> <span class='ocrx_word' id='word_1_238' title='bbox 911 3723 945 3778; x_wconf 87' lang='lat' dir='ltr'>et</span> <span class='ocrx_word' id='word_1_239' title='bbox 966 3713 1085 3792; x_wconf 90' lang='lat' dir='ltr'>sensui,</span> <span class='ocrx_word' id='word_1_240' title='bbox 1104 3724 1162 3779; x_wconf 91' lang='lat' dir='ltr'>aut</span> <span class='ocrx_word' id='word_1_241' title='bbox 1185 3717 1302 3781; x_wconf 90' lang='lat' dir='ltr'>instru-</span> 
     </span>
     <span class='ocr_line' id='line_1_33' title="bbox 152 3815 1303 3905; baseline 0 -22"><span class='ocrx_word' id='word_1_242' title='bbox 152 3829 213 3885; x_wconf 91' lang='lat' dir='ltr'>unt</span> <span class='ocrx_word' id='word_1_243' title='bbox 238 3821 358 3905; x_wconf 86' lang='lat' dir='ltr'>praxin</span> <span class='ocrx_word' id='word_1_244' title='bbox 380 3819 414 3882; x_wconf 93' lang='lat' dir='ltr'>in</span> <span class='ocrx_word' id='word_1_245' title='bbox 436 3839 565 3901; x_wconf 89' lang='lat' dir='ltr'>genere.</span> <span class='ocrx_word' id='word_1_246' title='bbox 620 3815 783 3899; x_wconf 89' lang='lat' dir='ltr'>Reliquae</span> <span class='ocrx_word' id='word_1_247' title='bbox 805 3826 877 3879; x_wconf 89' lang='lat' dir='ltr'>tum</span> <span class='ocrx_word' id='word_1_248' title='bbox 900 3817 1036 3880; x_wconf 91' lang='lat' dir='ltr'>demum</span> <span class='ocrx_word' id='word_1_249' title='bbox 1059 3818 1303 3900; x_wconf 89' lang='lat' dir='ltr'>conquirendae</span> 
     </span>
     <span class='ocr_line' id='line_1_34' title="bbox 151 3919 1303 4005; baseline -0.002 -16"><span class='ocrx_word' id='word_1_250' title='bbox 151 3934 237 4004; x_wconf 92' lang='lat' dir='ltr'>sunt,</span> <span class='ocrx_word' id='word_1_251' title='bbox 252 3945 327 3990; x_wconf 92' lang='lat' dir='ltr'>cum</span> <span class='ocrx_word' id='word_1_252' title='bbox 344 3922 554 3988; x_wconf 82' lang='lat' dir='ltr'>conficiemus</span> <span class='ocrx_word' id='word_1_253' title='bbox 570 3920 696 3985; x_wconf 87' lang='lat' dir='ltr'>tabulas</span> <span class='ocrx_word' id='word_1_254' title='bbox 709 3919 942 4002; x_wconf 79' lang='lat' dir='ltr'>temperantiae</span> <span class='ocrx_word' id='word_1_255' title='bbox 957 3921 1001 3984; x_wconf 94' lang='lat' dir='ltr'>ad</span> <span class='ocrx_word' id='word_1_256' title='bbox 1016 3941 1100 4003; x_wconf 91' lang='lat' dir='ltr'>opus</span> <span class='ocrx_word' id='word_1_257' title='bbox 1117 3923 1303 4005; x_wconf 89' lang='lat' dir='ltr'>interpretis</span> 
     </span>
     <span class='ocr_line' id='line_1_35' title="bbox 151 4021 1305 4111; baseline -0.002 -19"><span class='ocrx_word' id='word_1_258' title='bbox 151 4028 237 4093; x_wconf 89' lang='lat' dir='ltr'>circa</span> <span class='ocrx_word' id='word_1_259' title='bbox 259 4027 405 4111; x_wconf 90' lang='lat' dir='ltr'>aliquam</span> <span class='ocrx_word' id='word_1_260' title='bbox 432 4034 583 4091; x_wconf 87' lang='lat' dir='ltr'>naturam</span> <span class='ocrx_word' id='word_1_261' title='bbox 610 4022 848 4107; x_wconf 87' lang='lat' dir='ltr'>particularem.</span> <span class='ocrx_word' id='word_1_262' title='bbox 900 4021 988 4088; x_wconf 90' lang='lat' dir='ltr'>Sunt</span> <span class='ocrx_word' id='word_1_263' title='bbox 1015 4025 1102 4088; x_wconf 89' lang='lat' dir='ltr'>enim</span> <span class='ocrx_word' id='word_1_264' title='bbox 1129 4025 1305 4092; x_wconf 80' lang='lat' dir='ltr'>instantiae</span> 
     </span>
    </p>
   </div>
   <div class='ocr_carea' id='block_1_3' title="bbox 149 4211 1303 4606">
    <p class='ocr_par' dir='ltr' id='par_1_4' title="bbox 186 4211 486 4285">
     <span class='ocr_line' id='line_1_36' title="bbox 186 4211 486 4285; baseline 0 -17"><span class='ocrx_word' id='word_1_265' title='bbox 186 4211 208 4246; x_wconf 72' lang='lat'>⁸⁸</span> <span class='ocrx_word' id='word_1_266' title='bbox 227 4217 278 4270; x_wconf 86' lang='lat' dir='ltr'>See</span> <span class='ocrx_word' id='word_1_267' title='bbox 292 4213 374 4285; x_wconf 84' lang='lat' dir='ltr'>Aphs.</span> <span class='ocrx_word' id='word_1_268' title='bbox 390 4220 486 4281; x_wconf 78' lang='lat'>38-43.</span> 
     </span>
    </p>

    <p class='ocr_par' dir='ltr' id='par_1_5' title="bbox 149 4295 1303 4438">
     <span class='ocr_line' id='line_1_37' title="bbox 185 4295 1303 4368; baseline 0 -16"><span class='ocrx_word' id='word_1_269' title='bbox 185 4295 208 4330; x_wconf 77' lang='lat'>⁰⁹</span> <span class='ocrx_word' id='word_1_270' title='bbox 226 4299 302 4352; x_wconf 88' lang='lat' dir='ltr'>That</span> <span class='ocrx_word' id='word_1_271' title='bbox 319 4299 348 4362; x_wconf 91' lang='lat' dir='ltr'>is,</span> <span class='ocrx_word' id='word_1_272' title='bbox 364 4298 412 4352; x_wconf 93' lang='lat' dir='ltr'>the</span> <span class='ocrx_word' id='word_1_273' title='bbox 431 4301 537 4367; x_wconf 78' lang='grc' dir='ltr'>κόσμος.</span> <span class='ocrx_word' id='word_1_274' title='bbox 576 4297 626 4366; x_wconf 92' lang='lat' dir='ltr'>Cp.</span> <span class='ocrx_word' id='word_1_275' title='bbox 639 4296 709 4367; x_wconf 86' lang='lat' dir='ltr'>Apb.</span> <span class='ocrx_word' id='word_1_276' title='bbox 726 4313 773 4362; x_wconf 84' lang='lat'>30:</span> <span class='ocrx_word' id='word_1_277' title='bbox 794 4297 914 4365; x_wconf 88' lang='lat' dir='ltr'>‘optime</span> <span class='ocrx_word' id='word_1_278' title='bbox 932 4297 1008 4351; x_wconf 84' lang='lat' dir='ltr'>enim</span> <span class='ocrx_word' id='word_1_279' title='bbox 1027 4295 1149 4352; x_wconf 89' lang='lat' dir='ltr'>indicant</span> <span class='ocrx_word' id='word_1_280' title='bbox 1166 4298 1303 4368; x_wconf 89' lang='lat' dir='ltr'>composi-</span> 
     </span>
     <span class='ocr_line' id='line_1_38' title="bbox 149 4381 566 4438; baseline -0.002 -1"><span class='ocrx_word' id='word_1_281' title='bbox 149 4383 256 4437; x_wconf 88' lang='lat' dir='ltr'>tionem</span> <span class='ocrx_word' id='word_1_282' title='bbox 268 4388 298 4438; x_wconf 90' lang='lat' dir='ltr'>et</span> <span class='ocrx_word' id='word_1_283' title='bbox 309 4381 440 4436; x_wconf 83' lang='lat' dir='ltr'>fabricam</span> <span class='ocrx_word' id='word_1_284' title='bbox 453 4383 566 4438; x_wconf 76' lang='lat' dir='ltr'>renmn’</span> 
     </span>
    </p>

    <p class='ocr_par' dir='ltr' id='par_1_6' title="bbox 151 4463 1300 4606">
     <span class='ocr_line' id='line_1_39' title="bbox 185 4463 1300 4535; baseline 0.001 -16"><span class='ocrx_word' id='word_1_285' title='bbox 185 4463 209 4497; x_wconf 68' lang='lat'>²⁰</span> <span class='ocrx_word' id='word_1_286' title='bbox 227 4465 351 4535; x_wconf 84' lang='lat' dir='ltr'>Namely,</span> <span class='ocrx_word' id='word_1_287' title='bbox 363 4465 412 4519; x_wconf 88' lang='lat' dir='ltr'>the</span> <span class='ocrx_word' id='word_1_288' title='bbox 426 4465 575 4520; x_wconf 83' lang='lat' dir='ltr'>Instantiae</span> <span class='ocrx_word' id='word_1_289' title='bbox 585 4465 693 4534; x_wconf 81' lang='lat' dir='ltr'>Virgae,</span> <span class='ocrx_word' id='word_1_290' title='bbox 705 4463 855 4519; x_wconf 86' lang='lat' dir='ltr'>Instantlae</span> <span class='ocrx_word' id='word_1_291' title='bbox 866 4463 1013 4533; x_wconf 87' lang='lat' dir='ltr'>Curriculi,</span> <span class='ocrx_word' id='word_1_292' title='bbox 1024 4464 1176 4520; x_wconf 86' lang='lat' dir='ltr'>Instantiae</span> <span class='ocrx_word' id='word_1_293' title='bbox 1186 4467 1300 4535; x_wconf 86' lang='lat' dir='ltr'>Quanti,</span> 
     </span>
     <span class='ocr_line' id='line_1_40' title="bbox 151 4547 498 4606; baseline 0.006 -2"><span class='ocrx_word' id='word_1_294' title='bbox 151 4550 205 4604; x_wconf 85' lang='lat' dir='ltr'>and</span> <span class='ocrx_word' id='word_1_295' title='bbox 220 4549 369 4604; x_wconf 86' lang='lat' dir='ltr'>Instantiae</span> <span class='ocrx_word' id='word_1_296' title='bbox 382 4547 498 4606; x_wconf 82' lang='lat' dir='ltr'>Luctae.</span> 
     </span>
    </p>
   </div>
   <div class='ocr_carea' id='block_1_4' title="bbox 0 0 1619 5094">
    <p class='ocr_par' dir='ltr' id='par_1_7' title="bbox 0 0 1619 5094">
     <span class='ocr_line' id='line_1_41' title="bbox 0 0 1619 5094; baseline 0 0"><span class='ocrx_word' id='word_1_297' title='bbox 0 0 1619 5094; x_wconf 95' lang='lat' dir='ltr'> </span> 
     </span>
    </p>
   </div>
  </div>
 </body>
</html>
