3308 5106
332 426 371 495 82
739 445 957 503 INTRODUC
959 447 986 502 T
983 447 1069 504 ION.

371 617 445 677 ‘Ars
470 616 619 677 dialectica
643 629 687 678 est
709 620 808 697 imago
834 622 970 681 naturalis
993 623 1179 683 dialecticae:
1210 625 1239 682 in
1261 626 1478 686 commentariis

328 727 425 775 autem
440 715 604 774 Aristotelis
617 717 688 776 nihil
709 729 752 777 est
773 719 810 778 ad
832 730 951 779 naturae
972 721 1165 780 monitionem
1184 725 1385 799 propositum:
1407 723 1478 782 nihil

328 815 366 892 (si
387 823 505 873 naturae
528 815 675 874 veritatem
698 813 826 893 spectes)
847 837 909 878 non
931 818 1095 891 confusum,
1111 838 1172 878 non
1193 823 1399 896 perturbatum,
1415 840 1477 880 non

328 913 566 984 contaminatum,
588 931 649 972 non
671 913 835 974 foedatum:
867 933 913 975 ars
934 917 1020 993 igitur
1041 917 1240 978 dialecticam
1261 921 1477 980 commentariis

326 1013 488 1071 Aristotelis
509 1012 587 1071 nulla
608 1027 651 1072 est
661 1013 700 1072 ⁸⁶!

369 1109 446 1170 ‘Hic
461 1110 531 1168 mihi
546 1129 651 1171 omnes
666 1111 770 1172 Musae
786 1122 814 1172 et
830 1111 963 1172 Charites
978 1123 1046 1173 sunt
1060 1113 1267 1190 implorandae,
1283 1124 1315 1175 ut
1329 1115 1477 1194 publicam

326 1217 447 1284 pestem,
462 1219 492 1268 et
505 1219 548 1269 tot
560 1211 620 1286 jam
637 1211 760 1269 saeculis
775 1213 994 1271 corroboratam
1017 1220 1103 1287 atque
1118 1211 1306 1272 inveteratam
1321 1223 1474 1291 aegrotan-

327 1307 403 1365 tibus
426 1307 596 1367 0stendant:
627 1308 787 1386 phanaticis
812 1310 986 1387 quibusdam
1015 1309 1140 1386 ingeniis
1164 1312 1365 1386 persuadeant,
1388 1322 1419 1370 ut
1444 1329 1477 1370 se

327 1405 482 1482 colligant:
508 1418 639 1467 naturam
662 1426 746 1467 suam
766 1411 951 1468 intueantur:
974 1408 1022 1468 dei
1044 1417 1103 1484 opt.
1127 1427 1204 1468 marr.
1225 1427 1354 1483 munera,
1370 1409 1474 1487 quibus

325 1505 422 1565 affecti
444 1515 518 1576 sunt,
534 1507 710 1584 suspiciant:
733 1505 748 1540 *
770 1506 785 1540 *
807 1505 822 1540 *
844 1505 859 1540 *
881 1506 896 1539 *
918 1507 933 1540 *
956 1507 1185 1566 animadvertant
1205 1525 1243 1566 ne
1260 1507 1346 1566 nimis
1363 1509 1476 1583 ingrata

325 1603 507 1680 barbaraque
528 1605 676 1680 impietate
699 1606 825 1666 divinam
849 1605 1078 1664 munificentiam
1100 1605 1269 1682 despiciant,
1293 1607 1474 1682 nimiumque

325 1701 431 1760 stolido
456 1703 640 1780 dementique
664 1704 759 1763 furore
784 1723 846 1764 non
871 1705 1102 1780 perturbatorem
1123 1703 1195 1761 tanti
1216 1703 1294 1775 boni,
1317 1703 1368 1762 sed
1390 1721 1474 1779 erep-

325 1809 436 1858 torem:
471 1817 532 1859 non
561 1800 676 1861 hostem
705 1803 824 1862 humani
850 1803 959 1879 judicii,
989 1802 1043 1861 sed
1071 1811 1221 1872 tortorem,
1250 1801 1473 1878 carnificemque

325 1897 454 1973 diligant.
497 1899 545 1958 Sic
561 1902 639 1958 enim
654 1901 800 1960 verissime
815 1901 943 1978 profiteri
958 1917 1091 1977 possum,
1107 1899 1130 1957 si
1146 1899 1325 1958 daemonum
1339 1899 1472 1957 omnium

323 2008 501 2056 conventum
521 1998 647 2075 aliquem
669 1999 805 2075 princeps
826 2000 889 2075 ipse
913 1999 1099 2057 tenebrarum
1120 1997 1156 2056 de
1177 1996 1376 2074 extinguendo
1400 1995 1470 2056 doc-

323 2095 414 2153 trinae
430 2095 516 2172 hujus
537 2096 646 2156 lumine
663 2107 769 2174 ageret,
784 2097 939 2174 auditaque
961 2096 1141 2173 singulorum
1164 2095 1306 2154 sententia
1327 2105 1471 2166 statueret,

323 2210 384 2250 non
398 2195 597 2269 perniciosius,
612 2197 771 2267 exitiosiuS,
790 2195 987 2254 calamitosius
1006 2195 1161 2272 quicquam
1177 2205 1368 2270 reperturum,
1382 2210 1472 2269 quam

323 2291 361 2348 ab
374 2308 435 2349 uno
449 2293 605 2354 Aristotele
620 2303 765 2370 repertum
781 2304 833 2352 est.

634 2431 677 2480 Dii
695 2431 770 2482 talem
788 2431 858 2481 terris
874 2431 977 2481 avertite
994 2437 1105 2496 pestem:

322 2575 403 2648 Quid
428 2587 471 2635 est
495 2576 645 2654 judicium,
665 2594 684 2634 0
707 2576 825 2635 domine
852 2575 1034 2644 Aristoteles,
1063 2593 1082 2633 o
1113 2575 1199 2633 unice
1229 2585 1348 2632 naturae
1378 2573 1468 2644 fili,0

322 2673 394 2733 deus
416 2675 595 2733 amentium?
627 2692 666 2733 sc.
689 2673 804 2734 dormit.
836 2691 944 2751 genera
965 2673 1065 2750 judicii
1086 2683 1158 2750 quot
1180 2674 1268 2732 sunt?
1299 2672 1470 2731 nondume

320 2789 427 2830 somno
449 2775 590 2832 excitatus
611 2783 663 2830 est.
685 2772 738 2830 sed
758 2772 882 2832 sortasse
903 2773 975 2832 deus
998 2772 1052 2831 iste
1073 2789 1126 2848 per
1148 2771 1338 2836 sacerdotem,
1356 2779 1404 2828 aut
1425 2771 1469 2828 in·

320 2878 474 2945 terpretem
489 2873 615 2949 aliquem
629 2872 763 2948 loquitur.
785 2871 857 2932 heus
868 2871 1035 2930 Aristotelei
1050 2871 1225 2940 sacerdotes
1240 2869 1382 2946 quoniam
1396 2868 1469 2928 deus

320 2978 415 3026 vester
430 2968 576 3029 dormiens
591 2988 646 3028 nos
667 2970 714 3030 hic
729 2969 861 3047 despicit,
876 2969 947 3047 quid
961 2979 1005 3029 est
1015 2968 1178 3048 judicium?
1199 2985 1274 3046 quae
1290 2977 1357 3026 sunt
1368 2966 1470 3044 judicii

319 3066 466 3140 generai’

359 3165 415 3226 We
430 3184 479 3226 see
494 3166 569 3225 srom
583 3167 664 3226 these
679 3168 854 3245 quotations,
869 3165 962 3226 which
978 3166 1072 3244 might
1086 3168 1124 3225 be
1141 3165 1301 3242 multiplied
1315 3175 1346 3225 to
1362 3165 1468 3224 almost

319 3283 375 3342 any
404 3275 509 3336 extent,
534 3266 595 3324 that
623 3266 671 3325 the
700 3267 831 3325 cautious
860 3266 995 3326 criticism
1019 3265 1053 3326 os
1078 3267 1127 3325 the
1153 3265 1253 3324 earlier
1277 3264 1385 3323 writers
1413 3262 1467 3323 has

319 3362 513 3438 degenerated
536 3363 598 3422 into
623 3382 702 3422 mere
727 3365 825 3435 abuse,
852 3364 911 3422 and
942 3364 1003 3422 that
1032 3363 1113 3423 often
1144 3361 1179 3421 of
1197 3362 1246 3420 the
1275 3371 1353 3421 most
1377 3379 1467 3438 exag-

316 3460 436 3534 gerated
456 3459 535 3520 kind.

358 3555 459 3616 Eacon
482 3557 512 3616 in
537 3559 581 3618 his
604 3558 748 3618 sixteenth
770 3578 839 3636 year
863 3558 1049 3639 (September
1076 3556 1166 3635 1576)
1188 3577 1247 3617 was
1278 3566 1341 3617 sent
1361 3557 1400 3634 by
1421 3555 1466 3616 his

315 3654 408 3714 father
421 3655 483 3714 into
499 3656 619 3728 France,
635 3657 665 3716 in
680 3658 728 3716 the
743 3659 816 3717 train
831 3658 866 3717 of
877 3659 925 3717 the
940 3657 1064 3735 English
1079 3657 1289 3728 Ambassador,
1306 3656 1351 3714 Sir
1364 3656 1467 3714 Amias

316 3752 425 3812 Paulet.
468 3753 565 3812 There
586 3754 623 3814 he
645 3756 767 3824 resided,
783 3755 887 3832 chiefly
901 3758 933 3814 in
954 3757 1045 3828 PariS,
1059 3755 1100 3813 till
1122 3755 1166 3814 his
1189 3754 1305 3813 iather’s
1327 3752 1413 3813 death
1435 3752 1466 3811 iu

314 3847 418 3909 March
436 3854 553 3928 1578-9
564 3852 594 3912 ⁸⁷.
644 3852 760 3931 During
774 3855 854 3913 these
870 3864 927 3913 two
948 3871 1031 3930 years
1046 3853 1105 3912 and
1126 3870 1144 3910 a
1165 3852 1233 3922 half,
1249 3852 1286 3910 he
1300 3860 1379 3910 must
1393 3851 1466 3910 have

315 3946 404 4006 heard
428 3949 525 4021 much,
548 3951 607 4010 and
628 3951 718 4012 heard
738 3952 805 4011 with
827 3953 962 4029 curiosity
984 3950 1042 4009 and
1063 3951 1188 4021 interest,
1207 3949 1242 4009 of
1259 3950 1307 4009 the
1328 3949 1466 4026 opinions

313 4044 348 4103 of
367 4045 489 4118 Ramus,
511 4047 546 4105 of
564 4049 613 4108 the
635 4051 725 4109 revolt
746 4050 860 4127 against
881 4048 1027 4120 Aristotle,
1049 4048 1108 4106 and
1129 4047 1164 4107 of
1184 4048 1231 4107 the
1253 4048 1348 4125 hopes
1372 4057 1403 4106 to
1428 4047 1465 4105 be

312 4143 493 4203 entertained
514 4144 590 4205 from
612 4148 660 4206 the
681 4148 885 4225 inauguration
903 4146 938 4206 ol
955 4165 974 4205 a
994 4165 1058 4206 new
1073 4145 1196 4205 method
1217 4146 1252 4204 of
1269 4145 1392 4224 enquiry
1406 4145 1466 4205 aud

313 4238 389 4298 from
410 4242 508 4318 giving
530 4260 547 4301 a
572 4263 636 4303 new
659 4244 800 4304 direction
823 4255 854 4303 to
879 4245 1020 4304 scientifie
1045 4245 1138 4320 study.
1183 4244 1297 4316 Hence,
1317 4245 1339 4302 it
1364 4244 1388 4304 is
1413 4255 1468 4304 not

348 4396 424 4401 ..,.-
448 4397 675 4404 -.-..-—.—
968 4400 1145 4406 -—---
1178 4398 1465 4408 --...--.-—.—.-—....

443 4489 463 4520 ⁸⁸
478 4489 563 4553 Lyons
575 4492 676 4542 Edition
689 4493 718 4542 oi
728 4505 799 4556 1545.
809 4510 835 4558 p.
848 4503 871 4556 7.

444 4567 462 4598 ‘⁷
479 4569 526 4618 See
537 4569 682 4636 Spedding's
693 4571 747 4622 Lite
758 4571 809 4621 and
820 4571 916 4621 Letters
928 4569 957 4622 of
966 4571 1056 4631 Baoon,
1068 4573 1119 4622 vol.
1132 4573 1148 4626 i.
1159 4588 1201 4637 pp.
1214 4571 1270 4622 6-8.
