3324 5110
341 436 405 504 324
720 435 877 491 NOVUM
898 436 1115 496 ORGANUM.

340 603 373 656 et
390 595 566 660 molestum
582 606 736 679 putasse:
760 598 902 682 ideoque
917 599 1032 664 secisse
1047 600 1135 683 quod
1153 598 1186 662 in
1201 599 1409 665 aedificando
1425 601 1496 666 fieri

338 698 432 775 solet,
459 722 580 784 nempe
609 711 684 784 post
707 702 847 767 aedificii
870 713 1066 768 structuram
1090 703 1259 767 machinas
1283 714 1316 768 et
1342 706 1451 769 scalas
1474 729 1496 772 a

341 815 520 888 conspectu
543 808 715 872 amovisse.
761 807 880 892 Neque
900 809 995 873 aliter
1013 807 1137 873 sactum
1159 829 1230 872 esse
1251 809 1385 874 credere
1405 819 1496 874 certe

337 918 477 990 oportet.
521 911 645 975 Verum
669 911 729 975 nisi
752 913 826 996 quis
848 915 984 978 omnino
1007 913 1128 977 oblitus
1151 913 1247 976 fuerit
1271 933 1384 977 eorum
1408 935 1495 998 quae

338 1017 486 1094 superius
501 1016 591 1080 dicta
606 1027 691 1094 sunt,
707 1017 782 1081 huic
800 1017 976 1100 objectioni
996 1013 1067 1104 (aut
1083 1017 1236 1099 scrupulo
1252 1015 1376 1104 potius)
1398 1019 1495 1082 facile

338 1120 559 1201 respondebit.
605 1121 760 1185 Formam
792 1123 879 1185 enim
905 1123 1089 1205 inquirendi
1120 1130 1154 1185 et
1183 1121 1372 1186 inveniendi
1401 1123 1493 1204 apud

336 1224 491 1306 antiquos
511 1233 544 1288 et
561 1225 621 1307 ipsi
638 1224 872 1307 profitemur⁵⁴‚
890 1235 923 1289 et
942 1225 1064 1307 scripta
1085 1245 1198 1288 eorum
1218 1245 1298 1307 prae
1316 1246 1352 1288 se
1373 1225 1492 1290 ferunt.

337 1325 388 1389 Ea
410 1337 522 1394 autem
550 1349 615 1393 non
642 1329 707 1392 alia
730 1329 832 1407 fuit⁶⁵‚
854 1351 956 1413 quam
979 1339 1015 1393 ut
1037 1329 1081 1393 ab
1104 1327 1268 1410 exemplis
1291 1329 1493 1411 quibusdam

334 1439 368 1493 et
390 1433 641 1513 particularibus
664 1429 800 1518 (additis
823 1435 1014 1498 notionibus
1038 1433 1277 1510 communibus,
1296 1440 1329 1496 et
1353 1433 1495 1496 fortasse

335 1536 487 1616 portione
503 1537 660 1600 nonnulla
676 1557 719 1600 ex
741 1537 952 1620 opinionibus
976 1538 1125 1618 receptis,
1141 1557 1227 1620 quae
1251 1537 1397 1600 maxime
1420 1538 1493 1620 pla·

334 1638 484 1727 cuerunt)
514 1642 556 1706 ad
588 1641 815 1706 conclusiones
846 1643 993 1706 maxime
1025 1641 1194 1724 generales
1228 1641 1296 1705 sive
1330 1642 1493 1724 principia

333 1744 541 1808 scientiarum
572 1745 775 1820 advolarent,
802 1746 844 1808 ad
876 1765 1016 1827 quorum
1046 1745 1219 1807 veritatem
1251 1744 1425 1808 immotam
1456 1753 1491 1808 et

333 1847 437 1910 fixam
467 1847 692 1912 conclusiones
718 1848 886 1912 inferiores
913 1869 971 1930 per
998 1849 1108 1911 media
1137 1848 1315 1912 educerent
1344 1869 1384 1911 ac
1414 1869 1491 1930 pro-

333 1949 469 2028 barent3
507 1972 551 2014 ex
582 1952 701 2033 quibus
731 1961 837 2014 artem
871 1951 1127 2015 constituebant.
1170 1951 1259 2013 Tum
1293 1952 1427 2014 demum
1462 1952 1490 2014 si

334 2073 419 2116 nova
443 2054 651 2135 particularia
676 2063 709 2117 et
736 2054 892 2137 exempla
916 2063 1007 2118 mota
1035 2062 1144 2117 essent
1171 2063 1204 2116 et
1230 2054 1377 2117 adducta
1403 2074 1492 2136 quae

331 2155 462 2237 placitis
484 2157 552 2220 suis
575 2156 821 2238 refragarentur,
845 2157 902 2220 illa
926 2166 983 2220 aut
1005 2177 1065 2239 per
1090 2155 1320 2220 distinctiones
1345 2166 1403 2221 aut
1430 2177 1489 2238 per

332 2260 517 2340 regularum
540 2281 673 2324 suarum
700 2261 953 2344 explanationes
979 2260 1012 2322 in
1039 2258 1188 2322 ordinem
1215 2260 1379 2324 subtiliter
1403 2261 1489 2325 redi-

330 2365 462 2445 gebant,
477 2374 535 2428 aut
557 2364 692 2428 demum
716 2386 776 2446 per
797 2365 1013 2447 exceptiones
1035 2383 1150 2445 grosso
1174 2364 1277 2428 modo
1299 2385 1489 2428 summove·

329 2466 429 2532 bant:
452 2480 488 2533 at
504 2489 611 2532 rerum
629 2469 876 2551 particularium
892 2489 957 2531 non
975 2467 1208 2548 refragantium
1230 2489 1346 2532 causas
1367 2471 1410 2532 ad
1432 2468 1489 2531 illa

329 2572 487 2654 principia
502 2593 561 2636 sua
577 2572 740 2635 laboriose
751 2581 784 2635 et
801 2572 1014 2654 pertinaciter
1028 2571 1337 2634 accommodabant.
1361 2571 1487 2635 Verum

328 2697 389 2740 nec
416 2677 552 2742 historia
578 2675 734 2740 naturalis
763 2686 796 2740 et
826 2675 1031 2759 experientia
1058 2675 1114 2738 illa
1145 2684 1223 2749 erat,
1255 2697 1357 2758 quarn
1388 2675 1488 2740 suisse

328 2781 505 2861 oportebat
527 2777 641 2866 (longe
664 2790 752 2844 certe
776 2775 893 2865 abest),
911 2789 944 2843 et
967 2780 1031 2842 ista
1052 2779 1220 2844 advolatio
1244 2780 1286 2843 ad
1310 2780 1489 2863 generalis-

329 2884 413 2947 sima
428 2885 539 2947 omnia
555 2885 707 2966 perdidit.

829 3013 989 3079 CXXVI.

372 3124 531 3190 Occurret
552 3137 584 3190 et
607 3127 707 3191 illud:
730 3147 799 3206 nos,
816 3136 951 3210 propter
972 3126 1202 3190 inhibitionem
1218 3128 1388 3210 quandam
1410 3149 1483 3209 pro·

324 3230 495 3294 nuntiandi
513 3240 545 3292 et
562 3231 720 3314 principia
741 3240 830 3294 certa
852 3232 995 3313 ponendi
1011 3231 1118 3295 donec
1139 3253 1198 3313 per
1214 3233 1342 3296 medios
1362 3231 1485 3313 gradus

326 3335 368 3397 ad
391 3333 636 3415 generalissima
660 3336 720 3398 rite
742 3344 936 3416 perventum
961 3335 1011 3413 sit,
1037 3336 1287 3418 suspensionem
1313 3336 1484 3416 quandam

322 3437 435 3518 judicii
451 3439 543 3514 tueri,
560 3448 661 3520 atque
681 3441 724 3502 ad
741 3437 991 3521 Acatalepsiam
1012 3460 1081 3502 rern
1098 3441 1271 3503 deducere.
1317 3439 1389 3502 Nos
1405 3459 1485 3502 vero

325 3562 390 3605 non
406 3539 654 3623 Acatalepst'am,
671 3545 729 3606 sed
746 3543 1009 3624 Eucatalepsiam
1020 3543 1047 3580 ⁵⁶
1063 3545 1262 3607 meditamur
1280 3553 1313 3607 et
1328 3543 1484 3624 proponi-

326 3667 419 3710 mus:
443 3647 550 3710 sensui
572 3647 660 3710 enim
681 3667 746 3710 non
763 3648 969 3729 derogamus,
985 3647 1042 3710 sed
1065 3647 1308 3722 ministramus3
1333 3655 1366 3708 et
1388 3645 1485 3710 intel·

324 3749 446 3814 lectum
476 3770 542 3813 non
573 3751 822 3824 contemnimus,
854 3749 912 3813 sed
944 3750 1095 3831 regimus.
1141 3749 1257 3832 Atque
1288 3749 1406 3812 melius
1432 3757 1485 3814 est

360 3959 382 3992 Μ
401 3961 497 4015 There
507 3978 557 4015 can
567 3963 602 4016 be
615 3979 652 4016 no
664 3962 790 4032 question
804 3963 863 4016 that
875 3978 917 4016 we
930 3963 1015 4030 ought
1027 3969 1058 4016 to
1070 3963 1155 4032 adopt
1165 3963 1221 4018 Mr.
1230 3963 1304 4017 Ellis*
1316 3963 1485 4031 correction,

326 4045 524 4115 ‘profitentur.'

357 4125 380 4158 ⁶⁶
399 4129 464 4182 The
475 4129 631 4183 remainder
643 4129 675 4182 of
684 4130 732 4183 the
742 4129 887 4196 Aphorism
901 4145 976 4183 sums
988 4146 1025 4199 up
1037 4131 1091 4184 and
1104 4131 1196 4197 brings
1205 4130 1336 4198 together
1348 4130 1422 4182 what
1434 4129 1485 4182 has

322 4211 432 4280 already
444 4211 515 4265 been
528 4213 586 4265 said
598 4213 753 4282 separately
767 4213 794 4265 in
808 4229 891 4280 many
904 4211 936 4266 of
945 4213 992 4266 the
1006 4213 1154 4282 preceding
1168 4213 1337 4282 Aphorisms.

358 4291 380 4324 Μ
399 4295 454 4348 Mr.
469 4293 583 4348 Kitchin
602 4297 752 4363 appositely
769 4305 867 4364 quotes
881 4296 928 4348 the
941 4297 1119 4350 well-known
1138 4312 1249 4365 passage
1268 4296 1341 4350 from
1360 4296 1409 4349 the
1423 4296 1483 4348 Ad-

321 4384 484 4431 vancement
496 4377 529 4431 of
538 4377 690 4446 Learning:
710 4378 758 4432 ‘ll
772 4396 788 4432 a
801 4395 865 4432 man
877 4379 930 4432 will
943 4380 1023 4447 begin
1037 4381 1103 4434 with
1116 4381 1283 4447 certainties,
1296 4382 1331 4434 he
1344 4380 1411 4433 shall
1425 4379 1482 4434 end

322 4461 349 4512 in
363 4460 478 4528 doubts;
496 4461 546 4514 but
565 4461 588 4514 if
603 4462 638 4514 he
651 4463 702 4514 will
721 4463 756 4516 be
770 4469 885 4516 content
904 4469 934 4517 to
951 4464 1033 4531 begin
1046 4463 1112 4517 with
1126 4464 1235 4530 doubts,
1247 4463 1282 4517 he
1295 4464 1363 4518 shall
1376 4464 1431 4517 end
1452 4465 1482 4516 in

322 4543 496 4596 certainties!
533 4545 585 4597 See
598 4544 650 4599 Bk.
662 4545 680 4614 i,
695 4547 727 4601 E.
740 4547 794 4600 and
808 4548 843 4614 8,
856 4547 910 4602 vol.
923 4547 960 4602 iii.
973 4565 1000 4617 p.
1015 4565 1076 4615 ²93·
1113 4549 1165 4618 Cp.
1178 4548 1249 4618 Aph.
1265 4563 1307 4614 37.
