<?xml version="1.0" encoding="UTF-8"?>
<!DOCTYPE html PUBLIC "-//W3C//DTD XHTML 1.0 Transitional//EN"
    "http://www.w3.org/TR/xhtml1/DTD/xhtml1-transitional.dtd">
<html xmlns="http://www.w3.org/1999/xhtml" xml:lang="en" lang="en">
 <head>
  <title>
</title>
<meta http-equiv="Content-Type" content="text/html;charset=utf-8" />
  <meta name='ocr-system' content='tesseract 3.04.00' />
  <meta name='ocr-capabilities' content='ocr_page ocr_carea ocr_par ocr_line ocrx_word'/>
</head>
<body>
  <div class='ocr_page' id='page_1' title='image "./baconsnovumorga01fowlgoog_0300.png"; bbox 0 0 3324 5110; ppageno 0'>
   <div class='ocr_carea' id='block_1_1' title="bbox 654 424 1332 508">
    <p class='ocr_par' dir='ltr' id='par_1_1' title="bbox 654 424 1332 508">
     <span class='ocr_line' id='line_1_1' title="bbox 654 424 1332 508; baseline 0.006 -21"><span class='ocrx_word' id='word_1_1' title='bbox 654 429 734 490; x_wconf 74' lang='grc' dir='ltr'>ΠΒ.</span> <span class='ocrx_word' id='word_1_2' title='bbox 758 433 784 490; x_wconf 84' lang='lat' dir='ltr'>I.</span> <span class='ocrx_word' id='word_1_3' title='bbox 809 424 861 504; x_wconf 91' lang='lat'>84.</span> <span class='ocrx_word' id='word_1_4' title='bbox 1270 433 1332 508; x_wconf 82' lang='lat'>277</span> 
     </span>
    </p>
   </div>
   <div class='ocr_carea' id='block_1_2' title="bbox 180 585 1340 2750">
    <p class='ocr_par' dir='ltr' id='par_1_2' title="bbox 180 585 1338 1903">
     <span class='ocr_line' id='line_1_2' title="bbox 181 585 1336 677; baseline 0.006 -25"><span class='ocrx_word' id='word_1_5' title='bbox 181 585 269 652; x_wconf 91' lang='lat' dir='ltr'>enim</span> <span class='ocrx_word' id='word_1_6' title='bbox 296 589 422 653; x_wconf 90' lang='lat' dir='ltr'>senium</span> <span class='ocrx_word' id='word_1_7' title='bbox 450 597 483 654; x_wconf 92' lang='lat' dir='ltr'>et</span> <span class='ocrx_word' id='word_1_8' title='bbox 508 592 740 674; x_wconf 84' lang='lat' dir='ltr'>grandaevitas</span> <span class='ocrx_word' id='word_1_9' title='bbox 763 615 823 676; x_wconf 93' lang='lat' dir='ltr'>pro</span> <span class='ocrx_word' id='word_1_10' title='bbox 849 595 1047 677; x_wconf 83' lang='lat' dir='ltr'>antiquitate</span> <span class='ocrx_word' id='word_1_11' title='bbox 1076 614 1151 658; x_wconf 92' lang='lat' dir='ltr'>vere</span> <span class='ocrx_word' id='word_1_12' title='bbox 1181 594 1336 659; x_wconf 89' lang='lat' dir='ltr'>habenda</span> 
     </span>
     <span class='ocr_line' id='line_1_3' title="bbox 181 696 1335 781; baseline 0.004 -25"><span class='ocrx_word' id='word_1_13' title='bbox 181 704 278 773; x_wconf 84' lang='lat' dir='ltr'>sunt3</span> <span class='ocrx_word' id='word_1_14' title='bbox 301 714 386 777; x_wconf 89' lang='lat' dir='ltr'>quae</span> <span class='ocrx_word' id='word_1_15' title='bbox 401 696 605 777; x_wconf 87' lang='lat' dir='ltr'>temporibus</span> <span class='ocrx_word' id='word_1_16' title='bbox 621 700 739 762; x_wconf 89' lang='lat' dir='ltr'>nostris</span> <span class='ocrx_word' id='word_1_17' title='bbox 755 700 853 763; x_wconf 89' lang='lat' dir='ltr'>tribui</span> <span class='ocrx_word' id='word_1_18' title='bbox 869 700 1001 773; x_wconf 87' lang='lat' dir='ltr'>debent,</span> <span class='ocrx_word' id='word_1_19' title='bbox 1018 719 1084 763; x_wconf 90' lang='lat' dir='ltr'>non</span> <span class='ocrx_word' id='word_1_20' title='bbox 1099 698 1218 781; x_wconf 93' lang='lat' dir='ltr'>juniori</span> <span class='ocrx_word' id='word_1_21' title='bbox 1233 701 1335 763; x_wconf 88' lang='lat' dir='ltr'>aetati</span> 
     </span>
     <span class='ocr_line' id='line_1_4' title="bbox 182 799 1335 885; baseline 0.006 -26"><span class='ocrx_word' id='word_1_22' title='bbox 182 799 305 874; x_wconf 92' lang='lat' dir='ltr'>mundi,</span> <span class='ocrx_word' id='word_1_23' title='bbox 329 799 434 880; x_wconf 89' lang='lat' dir='ltr'>qualis</span> <span class='ocrx_word' id='word_1_24' title='bbox 456 801 544 881; x_wconf 92' lang='lat' dir='ltr'>apud</span> <span class='ocrx_word' id='word_1_25' title='bbox 567 802 721 884; x_wconf 90' lang='lat' dir='ltr'>antiquos</span> <span class='ocrx_word' id='word_1_26' title='bbox 742 802 813 868; x_wconf 91' lang='lat' dir='ltr'>fuit.</span> <span class='ocrx_word' id='word_1_27' title='bbox 859 802 921 866; x_wconf 89' lang='lat' dir='ltr'>Illa</span> <span class='ocrx_word' id='word_1_28' title='bbox 945 803 1033 866; x_wconf 91' lang='lat' dir='ltr'>enim</span> <span class='ocrx_word' id='word_1_29' title='bbox 1059 812 1161 881; x_wconf 77' lang='lat' dir='ltr'>aetaS,</span> <span class='ocrx_word' id='word_1_30' title='bbox 1186 812 1335 885; x_wconf 89' lang='lat' dir='ltr'>respectu</span> 
     </span>
     <span class='ocr_line' id='line_1_5' title="bbox 181 903 1336 989; baseline 0.007 -27"><span class='ocrx_word' id='word_1_31' title='bbox 181 903 293 980; x_wconf 87' lang='lat' dir='ltr'>nostri,</span> <span class='ocrx_word' id='word_1_32' title='bbox 322 904 460 984; x_wconf 90' lang='lat' dir='ltr'>antiqua</span> <span class='ocrx_word' id='word_1_33' title='bbox 490 912 524 967; x_wconf 94' lang='lat' dir='ltr'>et</span> <span class='ocrx_word' id='word_1_34' title='bbox 554 905 680 986; x_wconf 87' lang='lat' dir='ltr'>major;</span> <span class='ocrx_word' id='word_1_35' title='bbox 718 915 868 989; x_wconf 90' lang='lat' dir='ltr'>respectu</span> <span class='ocrx_word' id='word_1_36' title='bbox 900 907 1013 970; x_wconf 92' lang='lat' dir='ltr'>mundi</span> <span class='ocrx_word' id='word_1_37' title='bbox 1043 907 1154 989; x_wconf 76' lang='lat' dir='ltr'>ipsiuS,</span> <span class='ocrx_word' id='word_1_38' title='bbox 1184 926 1270 970; x_wconf 89' lang='lat' dir='ltr'>nova</span> <span class='ocrx_word' id='word_1_39' title='bbox 1303 917 1336 970; x_wconf 92' lang='lat' dir='ltr'>et</span> 
     </span>
     <span class='ocr_line' id='line_1_6' title="bbox 181 1005 1335 1093; baseline 0.005 -25"><span class='ocrx_word' id='word_1_40' title='bbox 181 1006 289 1070; x_wconf 91' lang='lat' dir='ltr'>minor</span> <span class='ocrx_word' id='word_1_41' title='bbox 310 1005 413 1070; x_wconf 76' lang='lat' dir='ltr'>fuit34.</span> <span class='ocrx_word' id='word_1_42' title='bbox 459 1007 575 1090; x_wconf 87' lang='lat' dir='ltr'>Atque</span> <span class='ocrx_word' id='word_1_43' title='bbox 597 1029 708 1072; x_wconf 88' lang='lat' dir='ltr'>revera</span> <span class='ocrx_word' id='word_1_44' title='bbox 730 1010 1012 1091; x_wconf 88' lang='lat' dir='ltr'>quemadmodum</span> <span class='ocrx_word' id='word_1_45' title='bbox 1039 1011 1199 1093; x_wconf 88' lang='lat' dir='ltr'>majorem</span> <span class='ocrx_word' id='word_1_46' title='bbox 1228 1031 1335 1074; x_wconf 90' lang='lat' dir='ltr'>rerum</span> 
     </span>
     <span class='ocr_line' id='line_1_7' title="bbox 180 1109 1336 1195; baseline 0.004 -23"><span class='ocrx_word' id='word_1_47' title='bbox 180 1109 398 1174; x_wconf 88' lang='lat' dir='ltr'>humanarum</span> <span class='ocrx_word' id='word_1_48' title='bbox 422 1112 574 1175; x_wconf 92' lang='lat' dir='ltr'>notitiam</span> <span class='ocrx_word' id='word_1_49' title='bbox 597 1121 631 1175; x_wconf 91' lang='lat' dir='ltr'>et</span> <span class='ocrx_word' id='word_1_50' title='bbox 654 1114 811 1177; x_wconf 88' lang='lat' dir='ltr'>maturius</span> <span class='ocrx_word' id='word_1_51' title='bbox 838 1113 998 1195; x_wconf 91' lang='lat' dir='ltr'>judicium</span> <span class='ocrx_word' id='word_1_52' title='bbox 1028 1115 1072 1178; x_wconf 88' lang='lat' dir='ltr'>ab</span> <span class='ocrx_word' id='word_1_53' title='bbox 1098 1114 1232 1179; x_wconf 91' lang='lat' dir='ltr'>homine</span> <span class='ocrx_word' id='word_1_54' title='bbox 1258 1134 1336 1178; x_wconf 89' lang='lat' dir='ltr'>sene</span> 
     </span>
     <span class='ocr_line' id='line_1_8' title="bbox 181 1215 1336 1300; baseline 0.002 -22"><span class='ocrx_word' id='word_1_55' title='bbox 181 1224 399 1296; x_wconf 86' lang='lat' dir='ltr'>expectamus</span> <span class='ocrx_word' id='word_1_56' title='bbox 422 1235 521 1297; x_wconf 90' lang='lat' dir='ltr'>quam</span> <span class='ocrx_word' id='word_1_57' title='bbox 544 1236 565 1278; x_wconf 91' lang='lat' dir='ltr'>a</span> <span class='ocrx_word' id='word_1_58' title='bbox 584 1215 713 1297; x_wconf 87' lang='lat' dir='ltr'>juvene,</span> <span class='ocrx_word' id='word_1_59' title='bbox 736 1225 869 1298; x_wconf 90' lang='lat' dir='ltr'>propter</span> <span class='ocrx_word' id='word_1_60' title='bbox 893 1219 1133 1300; x_wconf 88' lang='lat' dir='ltr'>experientiam</span> <span class='ocrx_word' id='word_1_61' title='bbox 1159 1228 1192 1282; x_wconf 92' lang='lat' dir='ltr'>et</span> <span class='ocrx_word' id='word_1_62' title='bbox 1219 1238 1336 1294; x_wconf 92' lang='lat' dir='ltr'>rerum,</span> 
     </span>
     <span class='ocr_line' id='line_1_9' title="bbox 182 1320 1336 1414; baseline 0.004 -34"><span class='ocrx_word' id='word_1_63' title='bbox 182 1340 265 1400; x_wconf 92' lang='lat' dir='ltr'>quas</span> <span class='ocrx_word' id='word_1_64' title='bbox 294 1320 385 1396; x_wconf 90' lang='lat' dir='ltr'>vidit,</span> <span class='ocrx_word' id='word_1_65' title='bbox 416 1328 450 1382; x_wconf 92' lang='lat' dir='ltr'>et</span> <span class='ocrx_word' id='word_1_66' title='bbox 479 1320 613 1396; x_wconf 90' lang='lat' dir='ltr'>audivit,</span> <span class='ocrx_word' id='word_1_67' title='bbox 644 1328 677 1382; x_wconf 88' lang='lat' dir='ltr'>et</span> <span class='ocrx_word' id='word_1_68' title='bbox 705 1321 870 1402; x_wconf 89' lang='lat' dir='ltr'>cogitavit,</span> <span class='ocrx_word' id='word_1_69' title='bbox 896 1323 1091 1386; x_wconf 90' lang='lat' dir='ltr'>varietatem</span> <span class='ocrx_word' id='word_1_70' title='bbox 1122 1331 1156 1385; x_wconf 91' lang='lat' dir='ltr'>et</span> <span class='ocrx_word' id='word_1_71' title='bbox 1186 1322 1336 1414; x_wconf 85' lang='lat' dir='ltr'>copiam;</span> 
     </span>
     <span class='ocr_line' id='line_1_10' title="bbox 182 1421 1337 1510; baseline 0.002 -24"><span class='ocrx_word' id='word_1_72' title='bbox 182 1423 302 1486; x_wconf 92' lang='lat' dir='ltr'>eodem</span> <span class='ocrx_word' id='word_1_73' title='bbox 334 1423 435 1486; x_wconf 93' lang='lat' dir='ltr'>modo</span> <span class='ocrx_word' id='word_1_74' title='bbox 465 1432 498 1486; x_wconf 92' lang='lat' dir='ltr'>et</span> <span class='ocrx_word' id='word_1_75' title='bbox 527 1444 547 1486; x_wconf 95' lang='lat' dir='ltr'>a</span> <span class='ocrx_word' id='word_1_76' title='bbox 578 1433 689 1486; x_wconf 89' lang='lat' dir='ltr'>nostra</span> <span class='ocrx_word' id='word_1_77' title='bbox 719 1433 829 1487; x_wconf 88' lang='lat' dir='ltr'>aetate</span> <span class='ocrx_word' id='word_1_78' title='bbox 860 1421 900 1510; x_wconf 80' lang='lat' dir='ltr'>(si</span> <span class='ocrx_word' id='word_1_79' title='bbox 929 1426 1014 1490; x_wconf 90' lang='lat' dir='ltr'>vires</span> <span class='ocrx_word' id='word_1_80' title='bbox 1044 1446 1120 1489; x_wconf 91' lang='lat' dir='ltr'>suas</span> <span class='ocrx_word' id='word_1_81' title='bbox 1149 1435 1272 1500; x_wconf 89' lang='lat' dir='ltr'>nosset,</span> <span class='ocrx_word' id='word_1_82' title='bbox 1303 1434 1337 1488; x_wconf 93' lang='lat' dir='ltr'>et</span> 
     </span>
     <span class='ocr_line' id='line_1_11' title="bbox 183 1525 1337 1613; baseline 0.001 -23"><span class='ocrx_word' id='word_1_83' title='bbox 183 1527 325 1610; x_wconf 91' lang='lat' dir='ltr'>experiri</span> <span class='ocrx_word' id='word_1_84' title='bbox 353 1537 386 1591; x_wconf 91' lang='lat' dir='ltr'>et</span> <span class='ocrx_word' id='word_1_85' title='bbox 415 1528 584 1591; x_wconf 86' lang='lat' dir='ltr'>intendere</span> <span class='ocrx_word' id='word_1_86' title='bbox 613 1525 728 1613; x_wconf 87' lang='lat' dir='ltr'>vellet)</span> <span class='ocrx_word' id='word_1_87' title='bbox 758 1528 882 1609; x_wconf 88' lang='lat' dir='ltr'>majora</span> <span class='ocrx_word' id='word_1_88' title='bbox 912 1529 1018 1592; x_wconf 90' lang='lat' dir='ltr'>multo</span> <span class='ocrx_word' id='word_1_89' title='bbox 1048 1549 1148 1612; x_wconf 91' lang='lat' dir='ltr'>quarn</span> <span class='ocrx_word' id='word_1_90' title='bbox 1174 1550 1194 1592; x_wconf 90' lang='lat' dir='ltr'>a</span> <span class='ocrx_word' id='word_1_91' title='bbox 1224 1528 1337 1610; x_wconf 90' lang='lat' dir='ltr'>priscis</span> 
     </span>
     <span class='ocr_line' id='line_1_12' title="bbox 183 1631 1338 1714; baseline -0.001 -19"><span class='ocrx_word' id='word_1_92' title='bbox 183 1631 388 1713; x_wconf 90' lang='lat' dir='ltr'>temporibus</span> <span class='ocrx_word' id='word_1_93' title='bbox 418 1632 587 1713; x_wconf 89' lang='lat' dir='ltr'>expectari</span> <span class='ocrx_word' id='word_1_94' title='bbox 612 1651 671 1713; x_wconf 89' lang='lat' dir='ltr'>par</span> <span class='ocrx_word' id='word_1_95' title='bbox 703 1640 773 1710; x_wconf 90' lang='lat' dir='ltr'>est;</span> <span class='ocrx_word' id='word_1_96' title='bbox 810 1641 927 1714; x_wconf 90' lang='lat' dir='ltr'>utpote</span> <span class='ocrx_word' id='word_1_97' title='bbox 956 1642 1067 1696; x_wconf 89' lang='lat' dir='ltr'>aetate</span> <span class='ocrx_word' id='word_1_98' title='bbox 1097 1632 1210 1696; x_wconf 93' lang='lat' dir='ltr'>mundi</span> <span class='ocrx_word' id='word_1_99' title='bbox 1240 1651 1338 1714; x_wconf 87' lang='lat' dir='ltr'>gran-</span> 
     </span>
     <span class='ocr_line' id='line_1_13' title="bbox 184 1735 1338 1817; baseline -0.001 -18"><span class='ocrx_word' id='word_1_100' title='bbox 184 1736 285 1812; x_wconf 88' lang='lat' dir='ltr'>diore,</span> <span class='ocrx_word' id='word_1_101' title='bbox 311 1745 344 1799; x_wconf 92' lang='lat' dir='ltr'>et</span> <span class='ocrx_word' id='word_1_102' title='bbox 371 1735 506 1798; x_wconf 91' lang='lat' dir='ltr'>infinitis</span> <span class='ocrx_word' id='word_1_103' title='bbox 536 1735 772 1817; x_wconf 87' lang='lat' dir='ltr'>experimentis</span> <span class='ocrx_word' id='word_1_104' title='bbox 802 1745 835 1798; x_wconf 90' lang='lat' dir='ltr'>et</span> <span class='ocrx_word' id='word_1_105' title='bbox 864 1737 1147 1800; x_wconf 88' lang='lat' dir='ltr'>observationibus</span> <span class='ocrx_word' id='word_1_106' title='bbox 1176 1745 1273 1799; x_wconf 88' lang='lat' dir='ltr'>aucta</span> <span class='ocrx_word' id='word_1_107' title='bbox 1303 1742 1338 1798; x_wconf 91' lang='lat' dir='ltr'>et</span> 
     </span>
     <span class='ocr_line' id='line_1_14' title="bbox 185 1838 360 1903; baseline 0 0"><span class='ocrx_word' id='word_1_108' title='bbox 185 1838 360 1903; x_wconf 88' lang='lat' dir='ltr'>cumulata.</span> 
     </span>
    </p>

    <p class='ocr_par' dir='ltr' id='par_1_3' title="bbox 185 1941 1340 2750">
     <span class='ocr_line' id='line_1_15' title="bbox 229 1941 1338 2028; baseline 0.001 -23"><span class='ocrx_word' id='word_1_109' title='bbox 229 1943 349 2024; x_wconf 91' lang='lat' dir='ltr'>Neque</span> <span class='ocrx_word' id='word_1_110' title='bbox 367 1963 426 2025; x_wconf 90' lang='lat' dir='ltr'>pro</span> <span class='ocrx_word' id='word_1_111' title='bbox 447 1941 549 2006; x_wconf 92' lang='lat' dir='ltr'>nihilo</span> <span class='ocrx_word' id='word_1_112' title='bbox 569 1943 819 2019; x_wconf 89' lang='lat' dir='ltr'>aestimandum,</span> <span class='ocrx_word' id='word_1_113' title='bbox 836 1946 926 2027; x_wconf 93' lang='lat' dir='ltr'>quod</span> <span class='ocrx_word' id='word_1_114' title='bbox 948 1964 1008 2028; x_wconf 90' lang='lat' dir='ltr'>per</span> <span class='ocrx_word' id='word_1_115' title='bbox 1030 1945 1226 2028; x_wconf 90' lang='lat' dir='ltr'>longinquas</span> <span class='ocrx_word' id='word_1_116' title='bbox 1248 1943 1338 2008; x_wconf 89' lang='lat' dir='ltr'>navi·</span> 
     </span>
     <span class='ocr_line' id='line_1_16' title="bbox 185 2044 1339 2132; baseline 0.004 -25"><span class='ocrx_word' id='word_1_117' title='bbox 185 2047 336 2128; x_wconf 86' lang='lat' dir='ltr'>gationes</span> <span class='ocrx_word' id='word_1_118' title='bbox 352 2057 384 2110; x_wconf 93' lang='lat' dir='ltr'>et</span> <span class='ocrx_word' id='word_1_119' title='bbox 400 2048 678 2129; x_wconf 85' lang='lat' dir='ltr'>peregrinationes</span> <span class='ocrx_word' id='word_1_120' title='bbox 698 2044 797 2132; x_wconf 82' lang='lat' dir='ltr'>(quae</span> <span class='ocrx_word' id='word_1_121' title='bbox 815 2048 933 2112; x_wconf 90' lang='lat' dir='ltr'>seculis</span> <span class='ocrx_word' id='word_1_122' title='bbox 954 2049 1074 2114; x_wconf 90' lang='lat' dir='ltr'>nostris</span> <span class='ocrx_word' id='word_1_123' title='bbox 1096 2045 1339 2131; x_wconf 85' lang='lat' dir='ltr'>increbuerunt)</span> 
     </span>
     <span class='ocr_line' id='line_1_17' title="bbox 186 2149 1337 2234; baseline 0 -23"><span class='ocrx_word' id='word_1_124' title='bbox 186 2149 328 2231; x_wconf 90' lang='lat' dir='ltr'>plurima</span> <span class='ocrx_word' id='word_1_125' title='bbox 358 2150 390 2212; x_wconf 96' lang='lat' dir='ltr'>in</span> <span class='ocrx_word' id='word_1_126' title='bbox 421 2157 538 2214; x_wconf 90' lang='lat' dir='ltr'>natura</span> <span class='ocrx_word' id='word_1_127' title='bbox 569 2151 743 2233; x_wconf 88' lang='lat' dir='ltr'>patuerint,</span> <span class='ocrx_word' id='word_1_128' title='bbox 773 2160 807 2214; x_wconf 92' lang='lat' dir='ltr'>et</span> <span class='ocrx_word' id='word_1_129' title='bbox 837 2161 966 2234; x_wconf 89' lang='lat' dir='ltr'>reperta</span> <span class='ocrx_word' id='word_1_130' title='bbox 996 2154 1072 2228; x_wconf 91' lang='lat' dir='ltr'>sint,</span> <span class='ocrx_word' id='word_1_131' title='bbox 1104 2173 1188 2234; x_wconf 90' lang='lat' dir='ltr'>quae</span> <span class='ocrx_word' id='word_1_132' title='bbox 1218 2170 1337 2215; x_wconf 89' lang='lat' dir='ltr'>novam</span> 
     </span>
     <span class='ocr_line' id='line_1_18' title="bbox 186 2253 1339 2338; baseline 0.001 -23"><span class='ocrx_word' id='word_1_133' title='bbox 186 2253 415 2336; x_wconf 90' lang='lat' dir='ltr'>philosophiae</span> <span class='ocrx_word' id='word_1_134' title='bbox 434 2253 539 2317; x_wconf 92' lang='lat' dir='ltr'>lucem</span> <span class='ocrx_word' id='word_1_135' title='bbox 563 2253 742 2317; x_wconf 88' lang='lat' dir='ltr'>immittere</span> <span class='ocrx_word' id='word_1_136' title='bbox 764 2255 900 2336; x_wconf 91' lang='lat' dir='ltr'>possint.</span> <span class='ocrx_word' id='word_1_137' title='bbox 946 2254 1037 2338; x_wconf 88' lang='lat' dir='ltr'>Quin</span> <span class='ocrx_word' id='word_1_138' title='bbox 1059 2265 1093 2319; x_wconf 91' lang='lat' dir='ltr'>et</span> <span class='ocrx_word' id='word_1_139' title='bbox 1115 2265 1210 2338; x_wconf 87' lang='lat' dir='ltr'>turpe</span> <span class='ocrx_word' id='word_1_140' title='bbox 1232 2255 1339 2319; x_wconf 92' lang='lat' dir='ltr'>homi-</span> 
     </span>
     <span class='ocr_line' id='line_1_19' title="bbox 188 2356 1339 2438; baseline 0.002 -19"><span class='ocrx_word' id='word_1_141' title='bbox 188 2357 284 2420; x_wconf 92' lang='lat' dir='ltr'>nibus</span> <span class='ocrx_word' id='word_1_142' title='bbox 313 2357 407 2434; x_wconf 88' lang='lat' dir='ltr'>foret,</span> <span class='ocrx_word' id='word_1_143' title='bbox 438 2358 464 2420; x_wconf 91' lang='lat' dir='ltr'>si</span> <span class='ocrx_word' id='word_1_144' title='bbox 494 2356 585 2438; x_wconf 88' lang='lat' dir='ltr'>globi</span> <span class='ocrx_word' id='word_1_145' title='bbox 616 2356 794 2421; x_wconf 89' lang='lat' dir='ltr'>materialis</span> <span class='ocrx_word' id='word_1_146' title='bbox 823 2367 956 2432; x_wconf 68' lang='lat' dir='ltr'>tractus</span> <span class='ocrx_word' id='word_1_147' title='bbox 988 2367 1146 2422; x_wconf 90' lang='lat' dir='ltr'>terrarum</span> <span class='ocrx_word' id='word_1_148' title='bbox 1176 2360 1339 2435; x_wconf 90' lang='lat' dir='ltr'>videlicet,</span> 
     </span>
     <span class='ocr_line' id='line_1_20' title="bbox 188 2461 1340 2546; baseline 0.003 -24"><span class='ocrx_word' id='word_1_149' title='bbox 188 2461 335 2539; x_wconf 90' lang='lat' dir='ltr'>marium,</span> <span class='ocrx_word' id='word_1_150' title='bbox 358 2469 530 2538; x_wconf 87' lang='lat' dir='ltr'>astrorum,</span> <span class='ocrx_word' id='word_1_151' title='bbox 557 2461 676 2524; x_wconf 91' lang='lat' dir='ltr'>nostris</span> <span class='ocrx_word' id='word_1_152' title='bbox 707 2461 911 2542; x_wconf 91' lang='lat' dir='ltr'>temporibus</span> <span class='ocrx_word' id='word_1_153' title='bbox 941 2461 1139 2524; x_wconf 91' lang='lat' dir='ltr'>immensum</span> <span class='ocrx_word' id='word_1_154' title='bbox 1169 2465 1275 2546; x_wconf 91' lang='lat' dir='ltr'>aperti</span> <span class='ocrx_word' id='word_1_155' title='bbox 1306 2471 1340 2526; x_wconf 90' lang='lat' dir='ltr'>et</span> 
     </span>
     <span class='ocr_line' id='line_1_21' title="bbox 188 2561 1340 2646; baseline 0.005 -21"><span class='ocrx_word' id='word_1_156' title='bbox 188 2562 340 2626; x_wconf 91' lang='lat' dir='ltr'>illustrati</span> <span class='ocrx_word' id='word_1_157' title='bbox 356 2565 441 2642; x_wconf 83' lang='lat' dir='ltr'>sint3</span> <span class='ocrx_word' id='word_1_158' title='bbox 463 2563 554 2646; x_wconf 86' lang='lat' dir='ltr'>globi</span> <span class='ocrx_word' id='word_1_159' title='bbox 569 2572 681 2627; x_wconf 89' lang='lat' dir='ltr'>autem</span> <span class='ocrx_word' id='word_1_160' title='bbox 703 2561 963 2627; x_wconf 82' lang='lat' dir='ltr'>intellectualis³⁵</span> <span class='ocrx_word' id='word_1_161' title='bbox 986 2562 1060 2626; x_wconf 89' lang='lat' dir='ltr'>finis</span> <span class='ocrx_word' id='word_1_162' title='bbox 1085 2565 1169 2629; x_wconf 89' lang='lat' dir='ltr'>inter</span> <span class='ocrx_word' id='word_1_163' title='bbox 1190 2576 1340 2630; x_wconf 89' lang='lat' dir='ltr'>veterum</span> 
     </span>
     <span class='ocr_line' id='line_1_22' title="bbox 189 2666 794 2750; baseline 0.002 -21"><span class='ocrx_word' id='word_1_164' title='bbox 189 2667 322 2730; x_wconf 89' lang='lat' dir='ltr'>inventa</span> <span class='ocrx_word' id='word_1_165' title='bbox 338 2677 371 2731; x_wconf 92' lang='lat' dir='ltr'>et</span> <span class='ocrx_word' id='word_1_166' title='bbox 387 2667 555 2750; x_wconf 86' lang='lat' dir='ltr'>angustias</span> <span class='ocrx_word' id='word_1_167' title='bbox 571 2666 794 2731; x_wconf 87' lang='lat' dir='ltr'>cohibeantur.</span> 
     </span>
    </p>
   </div>
   <div class='ocr_carea' id='block_1_3' title="bbox 189 2958 1346 4615">
    <p class='ocr_par' dir='ltr' id='par_1_4' title="bbox 189 2958 1343 3527">
     <span class='ocr_line' id='line_1_23' title="bbox 189 2958 1342 3028; baseline 0.005 -14"><span class='ocrx_word' id='word_1_168' title='bbox 189 2961 320 3027; x_wconf 69' lang='lat' dir='ltr'>dicamus</span> <span class='ocrx_word' id='word_1_169' title='bbox 340 2960 497 3028; x_wconf 82' lang='lat' dir='ltr'>Antiquitas</span> <span class='ocrx_word' id='word_1_170' title='bbox 518 2959 618 3014; x_wconf 84' lang='lat' dir='ltr'>saeculi</span> <span class='ocrx_word' id='word_1_171' title='bbox 639 2958 771 3027; x_wconf 88' lang='lat' dir='ltr'>juventus</span> <span class='ocrx_word' id='word_1_172' title='bbox 795 2959 909 3013; x_wconf 72' lang='lat' dir='ltr'>mundi.⁹</span> <span class='ocrx_word' id='word_1_173' title='bbox 956 2959 1013 3015; x_wconf 88' lang='lat' dir='ltr'>For</span> <span class='ocrx_word' id='word_1_174' title='bbox 1033 2978 1050 3016; x_wconf 88' lang='lat' dir='ltr'>a</span> <span class='ocrx_word' id='word_1_175' title='bbox 1071 2963 1219 3019; x_wconf 88' lang='lat' dir='ltr'>discussion</span> <span class='ocrx_word' id='word_1_176' title='bbox 1239 2965 1273 3020; x_wconf 91' lang='lat' dir='ltr'>of</span> <span class='ocrx_word' id='word_1_177' title='bbox 1292 2966 1342 3020; x_wconf 89' lang='lat' dir='ltr'>the</span> 
     </span>
     <span class='ocr_line' id='line_1_24' title="bbox 189 3043 1342 3113; baseline 0.005 -15"><span class='ocrx_word' id='word_1_178' title='bbox 189 3045 330 3113; x_wconf 84' lang='lat' dir='ltr'>questions</span> <span class='ocrx_word' id='word_1_179' title='bbox 338 3044 464 3098; x_wconf 88' lang='lat' dir='ltr'>whether</span> <span class='ocrx_word' id='word_1_180' title='bbox 481 3043 535 3097; x_wconf 90' lang='lat' dir='ltr'>this</span> <span class='ocrx_word' id='word_1_181' title='bbox 548 3043 694 3111; x_wconf 85' lang='lat' dir='ltr'>Aphorism</span> <span class='ocrx_word' id='word_1_182' title='bbox 713 3043 734 3094; x_wconf 92' lang='lat' dir='ltr'>is</span> <span class='ocrx_word' id='word_1_183' title='bbox 751 3044 805 3096; x_wconf 89' lang='lat' dir='ltr'>due</span> <span class='ocrx_word' id='word_1_184' title='bbox 820 3049 851 3096; x_wconf 90' lang='lat' dir='ltr'>to</span> <span class='ocrx_word' id='word_1_185' title='bbox 863 3043 957 3097; x_wconf 91' lang='lat' dir='ltr'>Bacon</span> <span class='ocrx_word' id='word_1_186' title='bbox 970 3045 1085 3113; x_wconf 85' lang='lat' dir='ltr'>himself,</span> <span class='ocrx_word' id='word_1_187' title='bbox 1100 3048 1155 3101; x_wconf 90' lang='lat' dir='ltr'>and</span> <span class='ocrx_word' id='word_1_188' title='bbox 1166 3049 1240 3102; x_wconf 86' lang='lat' dir='ltr'>what</span> <span class='ocrx_word' id='word_1_189' title='bbox 1252 3057 1342 3104; x_wconf 87' lang='lat' dir='ltr'>traces</span> 
     </span>
     <span class='ocr_line' id='line_1_25' title="bbox 190 3125 1342 3200; baseline 0.005 -18"><span class='ocrx_word' id='word_1_190' title='bbox 190 3126 222 3182; x_wconf 90' lang='lat' dir='ltr'>of</span> <span class='ocrx_word' id='word_1_191' title='bbox 244 3129 266 3181; x_wconf 92' lang='lat' dir='ltr'>it</span> <span class='ocrx_word' id='word_1_192' title='bbox 290 3144 337 3181; x_wconf 86' lang='lat' dir='ltr'>are</span> <span class='ocrx_word' id='word_1_193' title='bbox 361 3133 393 3180; x_wconf 93' lang='lat' dir='ltr'>to</span> <span class='ocrx_word' id='word_1_194' title='bbox 414 3128 449 3180; x_wconf 92' lang='lat' dir='ltr'>be</span> <span class='ocrx_word' id='word_1_195' title='bbox 469 3125 556 3180; x_wconf 82' lang='lat' dir='ltr'>found</span> <span class='ocrx_word' id='word_1_196' title='bbox 578 3127 604 3178; x_wconf 90' lang='lat' dir='ltr'>in</span> <span class='ocrx_word' id='word_1_197' title='bbox 630 3127 728 3180; x_wconf 87' lang='lat' dir='ltr'>earlier</span> <span class='ocrx_word' id='word_1_198' title='bbox 746 3126 861 3190; x_wconf 85' lang='lat' dir='ltr'>writers,</span> <span class='ocrx_word' id='word_1_199' title='bbox 891 3143 937 3180; x_wconf 90' lang='lat' dir='ltr'>see</span> <span class='ocrx_word' id='word_1_200' title='bbox 955 3144 971 3181; x_wconf 90' lang='lat' dir='ltr'>a</span> <span class='ocrx_word' id='word_1_201' title='bbox 992 3136 1059 3182; x_wconf 89' lang='lat' dir='ltr'>note</span> <span class='ocrx_word' id='word_1_202' title='bbox 1084 3131 1111 3183; x_wconf 93' lang='lat' dir='ltr'>in</span> <span class='ocrx_word' id='word_1_203' title='bbox 1130 3147 1177 3200; x_wconf 88' lang='lat' dir='ltr'>my</span> <span class='ocrx_word' id='word_1_204' title='bbox 1199 3132 1342 3187; x_wconf 87' lang='lat' dir='ltr'>lnductive</span> 
     </span>
     <span class='ocr_line' id='line_1_26' title="bbox 190 3207 1340 3284; baseline 0.006 -20"><span class='ocrx_word' id='word_1_205' title='bbox 190 3211 285 3278; x_wconf 87' lang='lat' dir='ltr'>Logic,</span> <span class='ocrx_word' id='word_1_206' title='bbox 301 3211 348 3277; x_wconf 83' lang='lat' dir='ltr'>3rd</span> <span class='ocrx_word' id='word_1_207' title='bbox 364 3210 416 3277; x_wconf 77' lang='lat' dir='ltr'>ed,</span> <span class='ocrx_word' id='word_1_208' title='bbox 429 3226 456 3279; x_wconf 90' lang='lat' dir='ltr'>p.</span> <span class='ocrx_word' id='word_1_209' title='bbox 471 3227 530 3276; x_wconf 79' lang='lat'>329,</span> <span class='ocrx_word' id='word_1_210' title='bbox 543 3209 597 3263; x_wconf 88' lang='lat' dir='ltr'>and</span> <span class='ocrx_word' id='word_1_211' title='bbox 609 3209 664 3262; x_wconf 90' lang='lat' dir='ltr'>also</span> <span class='ocrx_word' id='word_1_212' title='bbox 683 3227 699 3263; x_wconf 87' lang='lat' dir='ltr'>a</span> <span class='ocrx_word' id='word_1_213' title='bbox 718 3215 784 3262; x_wconf 91' lang='lat' dir='ltr'>note</span> <span class='ocrx_word' id='word_1_214' title='bbox 801 3207 839 3279; x_wconf 88' lang='lat' dir='ltr'>by</span> <span class='ocrx_word' id='word_1_215' title='bbox 852 3211 907 3264; x_wconf 91' lang='lat' dir='ltr'>Mr.</span> <span class='ocrx_word' id='word_1_216' title='bbox 922 3211 987 3264; x_wconf 86' lang='lat' dir='ltr'>Ellis</span> <span class='ocrx_word' id='word_1_217' title='bbox 1003 3219 1034 3266; x_wconf 90' lang='lat' dir='ltr'>to</span> <span class='ocrx_word' id='word_1_218' title='bbox 1050 3213 1097 3267; x_wconf 91' lang='lat' dir='ltr'>the</span> <span class='ocrx_word' id='word_1_219' title='bbox 1113 3215 1158 3268; x_wconf 90' lang='lat' dir='ltr'>De</span> <span class='ocrx_word' id='word_1_220' title='bbox 1171 3217 1340 3284; x_wconf 87' lang='lat' dir='ltr'>Augmentis,</span> 
     </span>
     <span class='ocr_line' id='line_1_27' title="bbox 190 3291 1343 3370; baseline 0.007 -23"><span class='ocrx_word' id='word_1_221' title='bbox 190 3295 236 3348; x_wconf 91' lang='lat' dir='ltr'>lib.</span> <span class='ocrx_word' id='word_1_222' title='bbox 258 3295 275 3348; x_wconf 93' lang='lat' dir='ltr'>i.</span> <span class='ocrx_word' id='word_1_223' title='bbox 296 3295 340 3364; x_wconf 88' lang='lat' dir='ltr'>(E.</span> <span class='ocrx_word' id='word_1_224' title='bbox 358 3293 411 3346; x_wconf 89' lang='lat' dir='ltr'>and</span> <span class='ocrx_word' id='word_1_225' title='bbox 431 3295 468 3362; x_wconf 80' lang='lat' dir='ltr'>S,</span> <span class='ocrx_word' id='word_1_226' title='bbox 487 3309 531 3363; x_wconf 91' lang='lat' dir='ltr'>pp.</span> <span class='ocrx_word' id='word_1_227' title='bbox 552 3291 662 3362; x_wconf 85' lang='lat'>458-9).</span> <span class='ocrx_word' id='word_1_228' title='bbox 707 3292 780 3346; x_wconf 85' lang='lat' dir='ltr'>Both</span> <span class='ocrx_word' id='word_1_229' title='bbox 803 3293 936 3348; x_wconf 73' lang='lat' dir='ltr'>Remusat</span> <span class='ocrx_word' id='word_1_230' title='bbox 957 3296 1011 3349; x_wconf 88' lang='lat' dir='ltr'>aud</span> <span class='ocrx_word' id='word_1_231' title='bbox 1037 3297 1093 3352; x_wconf 91' lang='lat' dir='ltr'>Mr.</span> <span class='ocrx_word' id='word_1_232' title='bbox 1112 3299 1177 3353; x_wconf 89' lang='lat' dir='ltr'>Ellis</span> <span class='ocrx_word' id='word_1_233' title='bbox 1202 3301 1256 3354; x_wconf 89' lang='lat' dir='ltr'>cite</span> <span class='ocrx_word' id='word_1_234' title='bbox 1276 3318 1343 3370; x_wconf 86' lang='lat' dir='ltr'>very</span> 
     </span>
     <span class='ocr_line' id='line_1_28' title="bbox 189 3376 1342 3451; baseline 0.008 -21"><span class='ocrx_word' id='word_1_235' title='bbox 189 3377 340 3448; x_wconf 82' lang='lat' dir='ltr'>appositely</span> <span class='ocrx_word' id='word_1_236' title='bbox 354 3395 367 3428; x_wconf 68' lang='grc' dir='ltr'>α</span> <span class='ocrx_word' id='word_1_237' title='bbox 383 3377 484 3430; x_wconf 85' lang='lat' dir='ltr'>Esdras</span> <span class='ocrx_word' id='word_1_238' title='bbox 497 3377 548 3431; x_wconf 86' lang='lat' dir='ltr'>xiv.</span> <span class='ocrx_word' id='word_1_239' title='bbox 565 3394 612 3432; x_wconf 90' lang='lat'>10:</span> <span class='ocrx_word' id='word_1_240' title='bbox 632 3376 707 3431; x_wconf 87' lang='lat' dir='ltr'>‘For</span> <span class='ocrx_word' id='word_1_241' title='bbox 723 3376 771 3430; x_wconf 90' lang='lat' dir='ltr'>the</span> <span class='ocrx_word' id='word_1_242' title='bbox 786 3379 873 3432; x_wconf 88' lang='lat' dir='ltr'>world</span> <span class='ocrx_word' id='word_1_243' title='bbox 891 3377 957 3431; x_wconf 87' lang='lat' dir='ltr'>bath</span> <span class='ocrx_word' id='word_1_244' title='bbox 976 3380 1029 3433; x_wconf 92' lang='lat' dir='ltr'>lost</span> <span class='ocrx_word' id='word_1_245' title='bbox 1048 3381 1089 3435; x_wconf 92' lang='lat' dir='ltr'>his</span> <span class='ocrx_word' id='word_1_246' title='bbox 1107 3384 1201 3451; x_wconf 90' lang='lat' dir='ltr'>youth,</span> <span class='ocrx_word' id='word_1_247' title='bbox 1221 3384 1275 3438; x_wconf 88' lang='lat' dir='ltr'>and</span> <span class='ocrx_word' id='word_1_248' title='bbox 1294 3385 1342 3440; x_wconf 88' lang='lat' dir='ltr'>the</span> 
     </span>
     <span class='ocr_line' id='line_1_29' title="bbox 190 3459 558 3527; baseline -0.005 -13"><span class='ocrx_word' id='word_1_249' title='bbox 190 3463 272 3514; x_wconf 84' lang='lat' dir='ltr'>times</span> <span class='ocrx_word' id='word_1_250' title='bbox 283 3461 365 3527; x_wconf 81' lang='lat' dir='ltr'>begin</span> <span class='ocrx_word' id='word_1_251' title='bbox 378 3465 409 3513; x_wconf 89' lang='lat' dir='ltr'>to</span> <span class='ocrx_word' id='word_1_252' title='bbox 422 3477 481 3513; x_wconf 88' lang='lat' dir='ltr'>wax</span> <span class='ocrx_word' id='word_1_253' title='bbox 494 3459 558 3514; x_wconf 68' lang='lat' dir='ltr'>old!</span> 
     </span>
    </p>

    <p class='ocr_par' dir='ltr' id='par_1_5' title="bbox 191 3541 1344 3847">
     <span class='ocr_line' id='line_1_30' title="bbox 225 3541 1343 3620; baseline 0.009 -25"><span class='ocrx_word' id='word_1_254' title='bbox 225 3541 248 3574; x_wconf 80' lang='lat'>⁸⁴</span> <span class='ocrx_word' id='word_1_255' title='bbox 267 3542 403 3596; x_wconf 87' lang='lat' dir='ltr'>Bentham</span> <span class='ocrx_word' id='word_1_256' title='bbox 426 3544 453 3596; x_wconf 91' lang='lat' dir='ltr'>in</span> <span class='ocrx_word' id='word_1_257' title='bbox 473 3544 514 3596; x_wconf 90' lang='lat' dir='ltr'>his</span> <span class='ocrx_word' id='word_1_258' title='bbox 536 3543 614 3596; x_wconf 81' lang='lat' dir='ltr'>Book</span> <span class='ocrx_word' id='word_1_259' title='bbox 631 3542 664 3596; x_wconf 92' lang='lat' dir='ltr'>of</span> <span class='ocrx_word' id='word_1_260' title='bbox 681 3543 820 3612; x_wconf 87' lang='lat' dir='ltr'>Fallacies,</span> <span class='ocrx_word' id='word_1_261' title='bbox 842 3552 904 3614; x_wconf 85' lang='lat' dir='ltr'>part</span> <span class='ocrx_word' id='word_1_262' title='bbox 923 3545 940 3598; x_wconf 93' lang='lat' dir='ltr'>i.</span> <span class='ocrx_word' id='word_1_263' title='bbox 954 3544 997 3599; x_wconf 94' lang='lat' dir='ltr'>ch.</span> <span class='ocrx_word' id='word_1_264' title='bbox 1013 3565 1036 3613; x_wconf 80' lang='lat' dir='ltr'>r,</span> <span class='ocrx_word' id='word_1_265' title='bbox 1054 3547 1108 3600; x_wconf 89' lang='lat' dir='ltr'>and</span> <span class='ocrx_word' id='word_1_266' title='bbox 1127 3549 1236 3620; x_wconf 89' lang='lat' dir='ltr'>Sydney</span> <span class='ocrx_word' id='word_1_267' title='bbox 1255 3551 1343 3605; x_wconf 90' lang='lat' dir='ltr'>Smith</span> 
     </span>
     <span class='ocr_line' id='line_1_31' title="bbox 191 3625 1344 3701; baseline 0.007 -22"><span class='ocrx_word' id='word_1_268' title='bbox 191 3627 218 3680; x_wconf 91' lang='lat' dir='ltr'>in</span> <span class='ocrx_word' id='word_1_269' title='bbox 240 3627 281 3679; x_wconf 91' lang='lat' dir='ltr'>his</span> <span class='ocrx_word' id='word_1_270' title='bbox 300 3625 399 3680; x_wconf 84' lang='lat' dir='ltr'>review</span> <span class='ocrx_word' id='word_1_271' title='bbox 412 3625 444 3679; x_wconf 89' lang='lat' dir='ltr'>of</span> <span class='ocrx_word' id='word_1_272' title='bbox 459 3626 521 3680; x_wconf 90' lang='lat' dir='ltr'>that</span> <span class='ocrx_word' id='word_1_273' title='bbox 539 3627 615 3680; x_wconf 81' lang='lat' dir='ltr'>work</span> <span class='ocrx_word' id='word_1_274' title='bbox 636 3627 810 3697; x_wconf 85' lang='lat' dir='ltr'>(Edinburgh</span> <span class='ocrx_word' id='word_1_275' title='bbox 831 3629 951 3698; x_wconf 87' lang='lat' dir='ltr'>Review‚</span> <span class='ocrx_word' id='word_1_276' title='bbox 965 3629 1018 3683; x_wconf 92' lang='lat' dir='ltr'>No.</span> <span class='ocrx_word' id='word_1_277' title='bbox 1039 3635 1081 3697; x_wconf 85' lang='lat'>84,</span> <span class='ocrx_word' id='word_1_278' title='bbox 1101 3633 1241 3701; x_wconf 90' lang='lat' dir='ltr'>reprinted</span> <span class='ocrx_word' id='word_1_279' title='bbox 1259 3635 1286 3687; x_wconf 91' lang='lat' dir='ltr'>in</span> <span class='ocrx_word' id='word_1_280' title='bbox 1302 3635 1344 3687; x_wconf 88' lang='lat' dir='ltr'>his</span> 
     </span>
     <span class='ocr_line' id='line_1_32' title="bbox 192 3709 1344 3786; baseline 0.006 -23"><span class='ocrx_word' id='word_1_281' title='bbox 192 3709 335 3764; x_wconf 89' lang='lat' dir='ltr'>Collected</span> <span class='ocrx_word' id='word_1_282' title='bbox 356 3709 481 3780; x_wconf 86' lang='lat' dir='ltr'>Works),</span> <span class='ocrx_word' id='word_1_283' title='bbox 501 3709 594 3765; x_wconf 86' lang='lat' dir='ltr'>follow</span> <span class='ocrx_word' id='word_1_284' title='bbox 616 3727 653 3779; x_wconf 92' lang='lat' dir='ltr'>up</span> <span class='ocrx_word' id='word_1_285' title='bbox 673 3712 728 3764; x_wconf 90' lang='lat' dir='ltr'>this</span> <span class='ocrx_word' id='word_1_286' title='bbox 747 3719 893 3778; x_wconf 81' lang='lat' dir='ltr'>argument</span> <span class='ocrx_word' id='word_1_287' title='bbox 912 3713 938 3764; x_wconf 92' lang='lat' dir='ltr'>in</span> <span class='ocrx_word' id='word_1_288' title='bbox 965 3729 981 3766; x_wconf 94' lang='lat' dir='ltr'>a</span> <span class='ocrx_word' id='word_1_289' title='bbox 1002 3713 1118 3783; x_wconf 77' lang='lat' dir='ltr'>striking</span> <span class='ocrx_word' id='word_1_290' title='bbox 1142 3715 1196 3770; x_wconf 89' lang='lat' dir='ltr'>and</span> <span class='ocrx_word' id='word_1_291' title='bbox 1221 3717 1344 3786; x_wconf 86' lang='lat' dir='ltr'>amusing</span> 
     </span>
     <span class='ocr_line' id='line_1_33' title="bbox 191 3808 315 3847; baseline -0.008 0"><span class='ocrx_word' id='word_1_292' title='bbox 191 3808 315 3847; x_wconf 86' lang='lat' dir='ltr'>manner.</span> 
     </span>
    </p>

    <p class='ocr_par' dir='ltr' id='par_1_6' title="bbox 190 3876 1346 4362">
     <span class='ocr_line' id='line_1_34' title="bbox 227 3876 1343 3951; baseline 0.006 -21"><span class='ocrx_word' id='word_1_293' title='bbox 227 3877 269 3931; x_wconf 90' lang='lat' dir='ltr'>M.</span> <span class='ocrx_word' id='word_1_294' title='bbox 288 3876 407 3930; x_wconf 90' lang='lat' dir='ltr'>Bouillet</span> <span class='ocrx_word' id='word_1_295' title='bbox 419 3876 514 3944; x_wconf 86' lang='lat' dir='ltr'>refers,</span> <span class='ocrx_word' id='word_1_296' title='bbox 528 3876 573 3931; x_wconf 90' lang='lat' dir='ltr'>for</span> <span class='ocrx_word' id='word_1_297' title='bbox 585 3877 633 3930; x_wconf 90' lang='lat' dir='ltr'>the</span> <span class='ocrx_word' id='word_1_298' title='bbox 645 3893 720 3930; x_wconf 88' lang='lat' dir='ltr'>same</span> <span class='ocrx_word' id='word_1_299' title='bbox 735 3879 892 3944; x_wconf 88' lang='lat' dir='ltr'>sentiment,</span> <span class='ocrx_word' id='word_1_300' title='bbox 906 3884 937 3931; x_wconf 91' lang='lat' dir='ltr'>to</span> <span class='ocrx_word' id='word_1_301' title='bbox 954 3879 1049 3932; x_wconf 85' lang='lat' dir='ltr'>Pascal</span> <span class='ocrx_word' id='word_1_302' title='bbox 1066 3880 1120 3933; x_wconf 90' lang='lat' dir='ltr'>and</span> <span class='ocrx_word' id='word_1_303' title='bbox 1138 3879 1343 3951; x_wconf 88' lang='lat' dir='ltr'>Malebranche,</span> 
     </span>
     <span class='ocr_line' id='line_1_35' title="bbox 191 3959 1344 4028; baseline 0.006 -14"><span class='ocrx_word' id='word_1_304' title='bbox 191 3961 241 4014; x_wconf 90' lang='lat' dir='ltr'>but</span> <span class='ocrx_word' id='word_1_305' title='bbox 253 3961 321 4014; x_wconf 91' lang='lat' dir='ltr'>both</span> <span class='ocrx_word' id='word_1_306' title='bbox 333 3961 374 4013; x_wconf 91' lang='lat' dir='ltr'>his</span> <span class='ocrx_word' id='word_1_307' title='bbox 387 3959 544 4015; x_wconf 88' lang='lat' dir='ltr'>references</span> <span class='ocrx_word' id='word_1_308' title='bbox 557 3977 603 4014; x_wconf 88' lang='lat' dir='ltr'>are</span> <span class='ocrx_word' id='word_1_309' title='bbox 617 3977 719 4028; x_wconf 88' lang='lat' dir='ltr'>wrong.</span> <span class='ocrx_word' id='word_1_310' title='bbox 756 3961 820 4015; x_wconf 90' lang='lat' dir='ltr'>The</span> <span class='ocrx_word' id='word_1_311' title='bbox 833 3961 906 4028; x_wconf 89' lang='lat' dir='ltr'>right</span> <span class='ocrx_word' id='word_1_312' title='bbox 924 3961 1068 4015; x_wconf 86' lang='lat' dir='ltr'>reference</span> <span class='ocrx_word' id='word_1_313' title='bbox 1085 3969 1116 4016; x_wconf 87' lang='lat' dir='ltr'>to</span> <span class='ocrx_word' id='word_1_314' title='bbox 1133 3965 1226 4018; x_wconf 87' lang='lat' dir='ltr'>Pascal</span> <span class='ocrx_word' id='word_1_315' title='bbox 1244 3964 1265 4017; x_wconf 85' lang='lat' dir='ltr'>is</span> <span class='ocrx_word' id='word_1_316' title='bbox 1280 3971 1311 4020; x_wconf 93' lang='lat' dir='ltr'>to</span> <span class='ocrx_word' id='word_1_317' title='bbox 1328 3983 1344 4020; x_wconf 90' lang='lat' dir='ltr'>a</span> 
     </span>
     <span class='ocr_line' id='line_1_36' title="bbox 193 4043 1343 4111; baseline 0.005 -14"><span class='ocrx_word' id='word_1_318' title='bbox 193 4045 341 4111; x_wconf 84' lang='lat' dir='ltr'>Fragment</span> <span class='ocrx_word' id='word_1_319' title='bbox 359 4043 475 4097; x_wconf 88' lang='lat' dir='ltr'>entitled</span> <span class='ocrx_word' id='word_1_320' title='bbox 494 4043 625 4098; x_wconf 79' lang='lat' dir='ltr'>‘Preface</span> <span class='ocrx_word' id='word_1_321' title='bbox 638 4060 685 4096; x_wconf 90' lang='lat' dir='ltr'>sur</span> <span class='ocrx_word' id='word_1_322' title='bbox 703 4044 728 4096; x_wconf 93' lang='lat' dir='ltr'>le</span> <span class='ocrx_word' id='word_1_323' title='bbox 746 4043 846 4098; x_wconf 75' lang='lat' dir='ltr'>Traite</span> <span class='ocrx_word' id='word_1_324' title='bbox 862 4043 899 4096; x_wconf 89' lang='lat' dir='ltr'>du</span> <span class='ocrx_word' id='word_1_325' title='bbox 919 4043 1001 4097; x_wconf 86' lang='lat' dir='ltr'>Vide&#39;</span> <span class='ocrx_word' id='word_1_326' title='bbox 1021 4062 1054 4098; x_wconf 92' lang='lat' dir='ltr'>or</span> <span class='ocrx_word' id='word_1_327' title='bbox 1073 4046 1135 4100; x_wconf 89' lang='lat' dir='ltr'>‘De</span> <span class='ocrx_word' id='word_1_328' title='bbox 1152 4047 1290 4102; x_wconf 75' lang='lat' dir='ltr'>l’autorite</span> <span class='ocrx_word' id='word_1_329' title='bbox 1308 4066 1343 4104; x_wconf 88' lang='lat' dir='ltr'>en</span> 
     </span>
     <span class='ocr_line' id='line_1_37' title="bbox 190 4125 1344 4196; baseline 0.007 -16"><span class='ocrx_word' id='word_1_330' title='bbox 190 4127 307 4181; x_wconf 78' lang='lat' dir='ltr'>matiere</span> <span class='ocrx_word' id='word_1_331' title='bbox 320 4127 355 4180; x_wconf 89' lang='lat' dir='ltr'>de</span> <span class='ocrx_word' id='word_1_332' title='bbox 369 4127 558 4196; x_wconf 70' lang='lat' dir='ltr'>philosophie!</span> <span class='ocrx_word' id='word_1_333' title='bbox 593 4127 657 4180; x_wconf 90' lang='lat' dir='ltr'>The</span> <span class='ocrx_word' id='word_1_334' title='bbox 676 4125 748 4194; x_wconf 87' lang='lat' dir='ltr'>right</span> <span class='ocrx_word' id='word_1_335' title='bbox 767 4127 910 4180; x_wconf 89' lang='lat' dir='ltr'>reference</span> <span class='ocrx_word' id='word_1_336' title='bbox 928 4132 958 4180; x_wconf 90' lang='lat' dir='ltr'>to</span> <span class='ocrx_word' id='word_1_337' title='bbox 977 4127 1174 4183; x_wconf 89' lang='lat' dir='ltr'>Malebranche</span> <span class='ocrx_word' id='word_1_338' title='bbox 1193 4129 1215 4183; x_wconf 90' lang='lat' dir='ltr'>ls</span> <span class='ocrx_word' id='word_1_339' title='bbox 1232 4137 1264 4185; x_wconf 90' lang='lat' dir='ltr'>to</span> <span class='ocrx_word' id='word_1_340' title='bbox 1283 4133 1344 4188; x_wconf 88' lang='lat' dir='ltr'>‘De</span> 
     </span>
     <span class='ocr_line' id='line_1_38' title="bbox 191 4210 1346 4283; baseline 0.006 -18"><span class='ocrx_word' id='word_1_341' title='bbox 191 4212 217 4265; x_wconf 83' lang='lat' dir='ltr'>la</span> <span class='ocrx_word' id='word_1_342' title='bbox 235 4210 398 4265; x_wconf 88' lang='lat' dir='ltr'>Recherche</span> <span class='ocrx_word' id='word_1_343' title='bbox 410 4211 445 4264; x_wconf 92' lang='lat' dir='ltr'>de</span> <span class='ocrx_word' id='word_1_344' title='bbox 460 4211 485 4264; x_wconf 84' lang='lat' dir='ltr'>la</span> <span class='ocrx_word' id='word_1_345' title='bbox 502 4211 615 4280; x_wconf 77' lang='lat' dir='ltr'>Verite,&#39;</span> <span class='ocrx_word' id='word_1_346' title='bbox 632 4211 699 4264; x_wconf 85' lang='lat' dir='ltr'>livre</span> <span class='ocrx_word' id='word_1_347' title='bbox 712 4211 738 4264; x_wconf 92' lang='lat' dir='ltr'>ii.</span> <span class='ocrx_word' id='word_1_348' title='bbox 758 4215 809 4263; x_wconf 69' lang='lat'>2⁰²⁰</span> <span class='ocrx_word' id='word_1_349' title='bbox 825 4211 921 4280; x_wconf 87' lang='lat' dir='ltr'>partie,</span> <span class='ocrx_word' id='word_1_350' title='bbox 941 4211 984 4266; x_wconf 93' lang='lat' dir='ltr'>ch.</span> <span class='ocrx_word' id='word_1_351' title='bbox 1004 4229 1029 4276; x_wconf 81' lang='lat'>4.</span> <span class='ocrx_word' id='word_1_352' title='bbox 1066 4212 1140 4266; x_wconf 91' lang='lat' dir='ltr'>Both</span> <span class='ocrx_word' id='word_1_353' title='bbox 1157 4229 1281 4283; x_wconf 85' lang='lat' dir='ltr'>passages</span> <span class='ocrx_word' id='word_1_354' title='bbox 1297 4233 1346 4272; x_wconf 85' lang='lat' dir='ltr'>are</span> 
     </span>
     <span class='ocr_line' id='line_1_39' title="bbox 191 4297 361 4362; baseline -0.006 -13"><span class='ocrx_word' id='word_1_355' title='bbox 191 4297 361 4362; x_wconf 85' lang='lat' dir='ltr'>interesting.</span> 
     </span>
    </p>

    <p class='ocr_par' dir='ltr' id='par_1_7' title="bbox 192 4377 1345 4615">
     <span class='ocr_line' id='line_1_40' title="bbox 226 4377 1345 4456; baseline 0.007 -25"><span class='ocrx_word' id='word_1_356' title='bbox 226 4377 249 4410; x_wconf 72' lang='lat'>³⁶</span> <span class='ocrx_word' id='word_1_357' title='bbox 267 4381 329 4433; x_wconf 92' lang='lat' dir='ltr'>One</span> <span class='ocrx_word' id='word_1_358' title='bbox 342 4378 376 4433; x_wconf 86' lang='lat' dir='ltr'>of</span> <span class='ocrx_word' id='word_1_359' title='bbox 390 4379 507 4432; x_wconf 86' lang='lat' dir='ltr'>Bacon&#39;s</span> <span class='ocrx_word' id='word_1_360' title='bbox 524 4379 616 4432; x_wconf 90' lang='lat' dir='ltr'>minor</span> <span class='ocrx_word' id='word_1_361' title='bbox 631 4379 722 4432; x_wconf 84' lang='lat' dir='ltr'>worlrs</span> <span class='ocrx_word' id='word_1_362' title='bbox 741 4377 892 4448; x_wconf 82' lang='lat' dir='ltr'>(reprinted</span> <span class='ocrx_word' id='word_1_363' title='bbox 911 4379 937 4432; x_wconf 92' lang='lat' dir='ltr'>in</span> <span class='ocrx_word' id='word_1_364' title='bbox 958 4378 1024 4432; x_wconf 88' lang='lat' dir='ltr'>Ellis</span> <span class='ocrx_word' id='word_1_365' title='bbox 1042 4379 1095 4433; x_wconf 86' lang='lat' dir='ltr'>and</span> <span class='ocrx_word' id='word_1_366' title='bbox 1115 4380 1274 4452; x_wconf 88' lang='lat' dir='ltr'>Spedding’s</span> <span class='ocrx_word' id='word_1_367' title='bbox 1291 4386 1345 4456; x_wconf 84' lang='lat' dir='ltr'>ed,</span> 
     </span>
     <span class='ocr_line' id='line_1_41' title="bbox 192 4461 1344 4532; baseline 0.007 -17"><span class='ocrx_word' id='word_1_368' title='bbox 192 4461 245 4515; x_wconf 87' lang='lat' dir='ltr'>vol.</span> <span class='ocrx_word' id='word_1_369' title='bbox 259 4463 294 4516; x_wconf 88' lang='lat' dir='ltr'>iii.</span> <span class='ocrx_word' id='word_1_370' title='bbox 308 4478 353 4531; x_wconf 86' lang='lat' dir='ltr'>pp.</span> <span class='ocrx_word' id='word_1_371' title='bbox 367 4463 502 4532; x_wconf 80' lang='lat'>7²7·7⁶8)</span> <span class='ocrx_word' id='word_1_372' title='bbox 517 4464 539 4515; x_wconf 91' lang='lat' dir='ltr'>is</span> <span class='ocrx_word' id='word_1_373' title='bbox 551 4462 710 4529; x_wconf 82' lang='lat' dir='ltr'>designated</span> <span class='ocrx_word' id='word_1_374' title='bbox 730 4463 903 4531; x_wconf 86' lang='lat' dir='ltr'>‘Descriptio</span> <span class='ocrx_word' id='word_1_375' title='bbox 916 4463 998 4516; x_wconf 91' lang='lat' dir='ltr'>Globi</span> <span class='ocrx_word' id='word_1_376' title='bbox 1014 4463 1226 4522; x_wconf 68' lang='lat' dir='ltr'>Intellectualis!</span> <span class='ocrx_word' id='word_1_377' title='bbox 1264 4469 1310 4525; x_wconf 94' lang='lat' dir='ltr'>To</span> <span class='ocrx_word' id='word_1_378' title='bbox 1322 4472 1344 4526; x_wconf 88' lang='lat' dir='ltr'>it</span> 
     </span>
     <span class='ocr_line' id='line_1_42' title="bbox 192 4545 677 4615; baseline -0.002 -17"><span class='ocrx_word' id='word_1_379' title='bbox 192 4547 215 4598; x_wconf 89' lang='lat' dir='ltr'>is</span> <span class='ocrx_word' id='word_1_380' title='bbox 226 4546 370 4615; x_wconf 90' lang='lat' dir='ltr'>appended</span> <span class='ocrx_word' id='word_1_381' title='bbox 384 4547 431 4600; x_wconf 88' lang='lat' dir='ltr'>the</span> <span class='ocrx_word' id='word_1_382' title='bbox 444 4545 570 4599; x_wconf 90' lang='lat' dir='ltr'>‘Thema</span> <span class='ocrx_word' id='word_1_383' title='bbox 582 4545 677 4600; x_wconf 65' lang='lat' dir='ltr'>Coeli!</span> 
     </span>
    </p>
   </div>
   <div class='ocr_carea' id='block_1_4' title="bbox 0 0 1681 5110">
    <p class='ocr_par' dir='ltr' id='par_1_8' title="bbox 0 0 1681 5110">
     <span class='ocr_line' id='line_1_43' title="bbox 0 0 1681 5110; baseline 0 0"><span class='ocrx_word' id='word_1_384' title='bbox 0 0 1681 5110; x_wconf 95' lang='lat' dir='ltr'> </span> 
     </span>
    </p>
   </div>
  </div>
 </body>
</html>
