3220 5102
314 380 378 463 528
691 387 849 444 Novum
869 389 1089 445 onoArwnw.

316 554 464 618 maxime
479 553 614 616 robusta
633 562 666 617 et
683 553 801 630 valida,
819 553 866 618 ita
887 555 988 618 etiam
1007 554 1041 618 in
1059 554 1250 638 liquoribus,
1266 555 1322 619 ubi
1341 575 1472 620 cessare

315 668 373 723 aut
403 657 558 740 languere
588 657 706 721 saltem
740 659 872 722 videtur
907 669 1017 724 motus
1052 659 1223 741 ejusmodi,
1255 669 1368 724 tamen
1402 681 1471 724 non

316 783 447 844 prorsus
478 761 637 844 reperitur
662 761 803 842 privatio
833 760 903 844 ejus
913 761 958 838 ⁶⁵3
992 761 1051 826 sed
1081 762 1180 844 plane
1209 762 1295 827 inest
1325 765 1405 846 ipsis
1436 765 1471 827 iu

316 867 420 948 gradu
436 875 597 947 tanquam
612 863 736 943 infimo,
752 876 786 929 et
804 865 916 948 prodit
935 887 971 930 se
990 865 1023 929 in
1042 866 1280 949 experimentis
1301 867 1472 950 plurimis;

315 970 399 1034 sicut
423 971 456 1033 in
477 970 585 1047 bullis,
605 970 639 1032 in
661 970 864 1034 rotunditate
885 979 1056 1052 guttarum
1066 971 1100 1048 ⁰⁶,
1126 972 1160 1034 in
1182 971 1245 1035 filis
1267 971 1474 1036 tenuioribus

315 1073 555 1138 stillicidiorum
566 1073 600 1153 ⁶⁷,
624 1083 658 1138 et
680 1075 713 1137 in
735 1075 942 1156 sequacitate
963 1093 1137 1157 corporum
1164 1075 1414 1158 glutinosorum,
1435 1085 1475 1140 et

316 1179 485 1256 ejusmodi.
541 1177 610 1243 Sed
637 1180 784 1242 maxime
810 1180 958 1243 omnium
983 1199 1021 1243 se
1043 1181 1187 1246 ostendit
1208 1182 1375 1263 appetitus
1398 1183 1475 1258 iste,

316 1283 344 1344 si
366 1282 620 1346 discontinuatio
643 1291 789 1346 tentetur
803 1303 908 1364 usque
926 1283 969 1346 ad
987 1282 1164 1347 fractiones
1183 1286 1334 1350 minores.
1378 1285 1474 1348 Nam

317 1388 349 1450 in
366 1386 537 1463 mortariis,
549 1396 625 1467 post
637 1387 866 1450 contusionem
881 1385 925 1450 ad
941 1397 1068 1450 certum
1084 1387 1233 1468 gradum,
1245 1409 1311 1452 non
1327 1388 1476 1471 amplius

316 1498 471 1572 operatur
493 1489 674 1572 pistillum;
700 1510 788 1571 aqua
808 1509 876 1552 non
896 1489 1061 1553 subintrat
1080 1489 1179 1554 rimas
1197 1492 1359 1570 minores;
1391 1494 1476 1574 quin

316 1605 350 1657 et
376 1594 446 1675 ipse
472 1600 536 1672 aer,
563 1614 629 1657 non
659 1593 813 1656 obstante
843 1592 1026 1657 subtilitate
1056 1595 1200 1676 corporis
1229 1595 1339 1678 ipsius,
1371 1615 1477 1678 poros

315 1717 468 1760 vasorum
487 1697 587 1779 paulo
604 1696 796 1760 solidiorum
815 1715 881 1760 non
901 1696 1078 1779 pertransit
1100 1697 1220 1777 subito,
1242 1717 1303 1763 nec
1325 1699 1388 1762 nisi
1411 1719 1478 1781 per

317 1803 505 1866 diuturnam
522 1801 785 1864 insinuationem.

360 1902 411 1990 (ό)
434 1905 486 1971 Sit
509 1905 623 1968 Motus
642 1903 777 1978 Sextus,
793 1912 903 1968 motus
923 1923 1024 1986 quem
1045 1905 1254 1968 nominamus
1273 1904 1408 1969 Motum
1426 1905 1481 1970 ad

316 2008 470 2086 Lucrum,
486 2009 554 2072 sive
571 2008 704 2072 Motum
720 2006 925 2089 Indrgentiae
932 2004 970 2067 ⁸⁸.
1009 2007 1043 2070 ls
1058 2016 1118 2086 est,
1133 2028 1192 2090 per
1207 2029 1306 2090 quem
1323 2029 1475 2092 corpora¹

317 2113 450 2195 quando
465 2121 637 2176 versantur
652 2111 736 2174 inter
750 2109 849 2193 plane
871 2109 1090 2192 heterogenea
1112 2120 1146 2174 et
1169 2112 1262 2193 quasi
1284 2112 1429 2189 inimica,
1446 2114 1474 2176 si

316 2216 401 2280 sorte
417 2217 647 2281 nanciscantur
661 2217 790 2297 copiam
806 2223 863 2278 aut
879 2214 1152 2279 commoditatem
1171 2215 1316 2280 evitandi
1337 2215 1397 2279 illa
1413 2215 1475 2278 he·

317 2330 493 2403 terogenea
516 2328 549 2384 et
572 2341 607 2384 se
629 2318 819 2401 applicandi
836 2319 880 2381 ad
904 2318 1010 2400 magis
1033 2327 1184 2400 cognata,
1204 2317 1295 2404 (licet
1318 2318 1376 2382 illa
1399 2319 1474 2401 ipsa

318 2433 459 2506 cognata
474 2423 554 2488 talia
569 2423 687 2486 luerint
697 2443 784 2504 quae
799 2443 865 2486 non
877 2420 1023 2486 habeant
1038 2431 1165 2485 arctum
1180 2442 1377 2486 consensum
1393 2443 1473 2486 cum

317 2524 411 2611 ipsis)
425 2537 538 2591 tamen
553 2527 666 2590 statim
681 2547 721 2590 ea
742 2524 996 2607 amplectuntur,
1011 2534 1045 2588 et
1065 2535 1224 2608 tanquam
1247 2527 1378 2609 potiora
1401 2547 1475 2589 ma·
1577 2509 1579 2592 l

318 2630 411 2696 lunt:
434 2641 468 2695 et
490 2629 571 2695 lucri
593 2630 668 2700 loco
688 2629 790 2716 (unde
807 2627 1005 2694 vocabulum
1027 2627 1242 2715 sumpsimus)
1261 2631 1325 2695 hoc
1346 2649 1474 2713 ponere
1575 2635 1577 2709 J

352 2817 375 2852 ‘³
393 2820 456 2874 The
468 2819 545 2874 force
557 2819 590 2874 oi
599 2819 762 2874 coheslonis
780 2818 863 2874 much
875 2825 1003 2886 strouger
1017 2819 1044 2872 in
1057 2818 1140 2872 solids
1152 2819 1218 2873 than
1231 2819 1260 2872 iu
1271 2817 1474 2890 liquidswhile
1572 2809 1574 2881 Ῐ

316 2903 346 2956 in
358 2919 435 2970 gases
448 2905 469 2956 it
482 2905 504 2957 is
515 2919 662 2958 overcome
675 2902 711 2972 hy
724 2901 786 2957 that
798 2902 830 2956 oi
840 2903 987 2971 repulsiou.

353 2984 375 3017 ⁸⁸
396 2986 428 3039 ln
450 2987 524 3053 large
545 3003 645 3040 masses
665 2985 699 3040 oi
715 2987 822 3056 liquids,
840 2986 889 3040 the
909 2985 987 3040 force
1006 2985 1039 3039 of
1058 2987 1163 3056 gravity
1181 3001 1341 3039 overcomes
1361 2985 1424 3039 that
1444 2985 1477 3038 oi

315 3067 455 3135 cohesion,
474 3071 528 3123 and
546 3071 593 3122 the
611 3069 697 3139 liquid
715 3071 792 3124 takes
810 3085 847 3122 uo
865 3069 964 3138 special
981 3068 1075 3138 shepe,
1092 3068 1143 3122 but
1159 3085 1279 3122 assumes
1294 3069 1355 3122 that
1373 3068 1408 3121 oi
1425 3069 1474 3122 the
1568 3097 1569 3113 r

316 3151 402 3206 vessel
426 3153 454 3205 in
478 3151 568 3205 which
592 3152 614 3205 it
638 3152 661 3206 is
685 3153 841 3206 contained.
879 3151 934 3206 But
958 3152 986 3206 in
1007 3151 1117 3206 smaller
1137 3167 1237 3206 masses
1257 3151 1387 3206 cohesiou
1411 3159 1475 3219 gets
1566 3155 1568 3227 J

317 3235 365 3289 the
384 3250 471 3303 upper
490 3236 572 3303 hand,
594 3236 649 3289 and
668 3235 716 3289 the
737 3236 824 3306 liquid
844 3235 911 3290 then
932 3242 1059 3304 presents
1077 3235 1125 3289 the
1143 3234 1298 3304 spheroidal
1315 3235 1399 3290 sonu.
1441 3236 1474 3288 ln
1565 3259 1566 3285 r

316 3319 364 3372 the
385 3319 534 3387 imaginary
553 3335 615 3373 case
637 3319 669 3372 of
687 3320 735 3372 the
755 3320 882 3388 particles
904 3319 985 3386 being
1008 3319 1090 3374 acted
1113 3336 1188 3388 upon
1210 3319 1247 3388 by
1268 3319 1316 3373 the
1336 3318 1417 3374 force
1443 3317 1476 3372 ei
1564 3321 1565 3343 ¹

316 3403 446 3458 cohesion
457 3404 545 3469 alone,
559 3402 606 3456 the
618 3402 691 3457 form
703 3402 828 3456 assumed
841 3403 932 3457 would
943 3403 979 3456 be
991 3403 1053 3457 that
1064 3402 1096 3458 oi
1105 3420 1122 3456 a
1133 3401 1242 3473 perfect
1254 3401 1362 3471 sphere.

352 3484 374 3518 ⁸⁷
393 3488 437 3541 On
450 3488 498 3541 the
510 3487 691 3542 constitution
703 3485 736 3539 of
746 3503 761 3540 a
769 3487 814 3556 jet
826 3486 858 3540 of
867 3487 952 3555 liquid
964 3487 1066 3553 issuiug
1078 3486 1197 3554 through
1210 3502 1226 3539 a
1238 3487 1355 3540 circuiar
1367 3487 1473 3550 orifice,

316 3587 363 3626 see
379 3570 446 3625 Enc.
460 3571 538 3639 Brit,
554 3571 606 3625 last
620 3570 691 3641 (oth)
707 3569 767 3636 En,
783 3570 836 3624 vol.
848 3587 873 3624 v.
891 3586 918 3638 p.
931 3573 974 3636 68,
991 3570 1055 3640 and,
1070 3569 1115 3624 ior
1133 3586 1149 3624 a
1167 3569 1250 3624 much
1268 3585 1346 3624 more
1364 3573 1473 3639 precise

317 3656 372 3709 and
394 3655 515 3709 detailed
541 3659 668 3722 account,
693 3654 811 3722 Daguin,
832 3653 931 3709 Traite
955 3654 991 3709 de
1018 3653 1165 3724 Physique,
1191 3653 1245 3708 aud
1270 3653 1330 3721 Ed„
1355 3661 1435 3708 tome
1455 3655 1473 3706 i.
1557 3707 1558 3710 ,

316 3755 361 3808 1³1>-
376 3756 485 3804 usar·

352 3819 374 3852 ‘⁸
392 3822 489 3875 Under
513 3821 567 3876 this
589 3822 661 3876 head
685 3821 779 3875 Bacou
803 3837 893 3875 seems
916 3827 948 3876 to
974 3820 1083 3876 include
1107 3835 1183 3874 cases
1207 3820 1240 3874 of
1266 3819 1418 3888 Adhesion‚
1440 3819 1474 3874 of

318 3906 454 3974 Capillary
466 3906 634 3967 Attraction,
650 3904 703 3959 and
720 3903 753 3958 oi
768 3904 908 3960 Chemical
925 3903 1047 3974 Affinity.
1084 3905 1135 3960 Dr.
1151 3904 1258 3973 Hippus
1273 3904 1348 3972 gives
1363 3921 1381 3958 a
1397 3905 1469 3972 good

318 3990 440 4043 instance
464 3987 496 4043 oi
518 3989 571 4042 this
596 3989 718 4042 ‘motion
739 3988 772 4041 of
792 3987 970 4057 preference’
993 3989 1020 4042 iu
1042 3988 1092 4042 the
1113 4003 1175 4042 case
1194 3987 1227 4042 oi
1248 4004 1384 4057 mercury,
1406 3987 1469 4042 ‘the

317 4072 425 4127 suriace
445 4072 477 4126 of
498 4071 588 4126 which
607 4071 635 4124 in
657 4088 672 4124 a
691 4072 759 4139 glass
780 4073 869 4126 bottle
888 4088 1004 4142 appears
1023 4088 1139 4138 conver,
1159 4071 1247 4137 while,
1269 4073 1297 4124 in
1314 4088 1333 4125 a
1352 4071 1469 4124 metallic

318 4156 411 4223 vesei,
430 4155 452 4209 it
471 4171 585 4224 appears
605 4171 733 4222 concere,
752 4157 780 4209 in
801 4172 993 4226 consequence
1010 4154 1044 4209 oi
1062 4155 1096 4209 its
1113 4155 1253 4224 tendency
1271 4161 1302 4208 to
1319 4154 1421 4208 adhere
1438 4161 1468 4208 to

317 4239 365 4293 the
377 4239 449 4293 sides
460 4240 493 4293 of
507 4241 554 4293 the
567 4240 660 4306 resset
673 4257 702 4294 as
718 4239 740 4292 lt
754 4240 802 4294 has
818 4256 835 4294 a
852 4247 961 4308 greater
976 4239 1126 4294 attractiou
1143 4239 1187 4293 for
1204 4240 1288 4293 metui
1303 4238 1368 4293 thau
1384 4239 1467 4306 εἰπε·

319 4322 383 4376 The
414 4339 549 4392 mercum,
578 4324 605 4378 iu
629 4323 694 4390 fact,
719 4323 851 4378 moistens
879 4323 927 4378 the
955 4324 1075 4378 metallic
1104 4321 1222 4390 suriam,
1251 4323 1302 4376 hut
1325 4324 1392 4376 does
1417 4330 1465 4375 not

319 4406 436 4537 ninisten
449 4407 497 4460 the
510 4408 579 4474 glass
590 4406 706 4462 surlace.
742 4407 812 4462 This
826 4408 952 4480 example
963 4407 1024 4464 faus
1040 4407 1129 4463 under
1144 4407 1193 4462 the
1210 4406 1280 4461 head
1296 4405 1329 4461 oi
1342 4405 1465 4476 capillary

318 4500 337 4553 p
356 4501 500 4544 euomena.
