3220 5102
340 379 405 466 53⁶
718 385 878 443 novun
898 384 1118 442 ORGANUM

342 660 412 742 ejus
428 659 471 721 de
486 657 620 741 lapide
612 676 644 719 rn
660 655 792 734 serrum,
808 665 841 719 et
857 656 899 718 de
914 654 1023 718 ferro'
1015 674 1048 716 rn
1065 653 1185 717 sermm
1187 653 1349 734 ‚absque
1364 668 1496 712 commu·

343 763 508 828 nicatione
524 761 741 826 substantiae.
785 759 911 823 Vemm
928 758 991 823 hoc
1010 757 1084 822 loco
1100 759 1143 822 de
1160 758 1271 840 prima
1293 756 1420 819 virtute
1438 753 1496 833 ejus

343 877 475 932 tantum
491 866 665 948 loquimur,
677 862 830 928 videlicet
847 862 1006 928 coitionis.
1045 863 1188 945 Insignis
1204 863 1313 926 etiam
1333 867 1387 923 est
1402 867 1498 920 motus

343 971 494 1036 coitionis
531 969 658 1053 argenti
690 968 755 1032 vivi
794 978 828 1031 et
863 967 934 1030 auri
943 965 988 1030 ⁹⁸:
1027 968 1111 1030 adeo
1148 976 1186 1031 ut
1223 985 1353 1030 aurum
1391 960 1498 1024 alliciat

343 1084 518 1156 argentum
533 1073 654 1150 vivum,
671 1071 747 1135 licet
762 1070 949 1134 coniectum
965 1069 999 1133 in
1018 1079 1206 1152 unguenta;
1237 1080 1351 1151 atque
1373 1065 1498 1148 operarii

344 1177 429 1240 inter
443 1197 583 1259 vapores
602 1177 730 1258 argenti
753 1175 818 1238 vivi
841 1173 968 1238 soleant
991 1182 1105 1238 tenere
1127 1174 1160 1236 in
1181 1195 1239 1238 ore
1261 1173 1417 1236 frustum
1436 1170 1500 1244 auri,

343 1281 386 1345 ad
412 1279 614 1364 colligendas
640 1278 833 1342 emissiones
859 1277 986 1360 argenti
1012 1277 1086 1351 vivi,
1108 1277 1189 1342 alias
1219 1279 1342 1342 crania
1375 1285 1411 1338 et
1438 1293 1500 1336 ossa
1557 1329 1558 1336 ,

345 1405 457 1449 eorum
495 1385 684 1461 invasuras3
724 1384 813 1446 unde
849 1383 949 1445 etiam
987 1380 1126 1446 frustum
1164 1381 1245 1446 illud
1286 1379 1400 1463 paulo
1437 1387 1558 1459 post

344 1489 491 1553 albescit.
536 1487 652 1570 Atque
675 1487 718 1550 de
740 1498 832 1551 motu
858 1485 1115 1568 congregation&
1139 1486 1278 1550 minoris
1305 1485 1400 1548 haec
1425 1483 1500 1545 dicta

346 1595 421 1658 sint.

390 1692 437 1784 (9)
462 1695 514 1762 Sit
537 1695 651 1760 Motus
675 1695 801 1774 Nonus,
823 1695 938 1758 Motus
959 1694 1189 1777 Magneticus,·
1216 1693 1272 1778 qui
1296 1693 1384 1758 lieet
1403 1691 1444 1754 sit
1465 1711 1499 1752 ex

346 1820 465 1883 genere
487 1810 597 1863 motus
617 1798 872 1882 congregationes
894 1798 1074 1878 minorat,
1095 1809 1208 1863 tamen
1230 1799 1257 1862 si
1280 1805 1448 1881 operetur
1465 1794 1499 1856 ad

346 1904 521 1967 distantias
552 1923 691 1985 magnas
721 1913 754 1968 et
787 1923 885 1985 super
915 1923 1040 1966 massas
1071 1923 1180 1967 rerum
1215 1923 1372 1984 magnas,
1405 1899 1499 1981 inqui·

346 2008 500 2071 sirionem
532 2016 675 2070 meretur
704 2016 913 2090 separatam3
945 2009 1137 2089 praesertim
1168 2009 1195 2072 si
1225 2029 1286 2072 nec
1319 2005 1497 2088 incipiata

346 2118 447 2188 tactu,
477 2110 759 2191 quemadmodum
791 2109 932 2193 plurimi,
962 2130 1022 2174 nec
1059 2111 1217 2193 perducat
1254 2112 1430 2176 actionem
1464 2107 1497 2168 ad

346 2222 482 2290 tactum,
502 2213 785 2294 quemadmodum
809 2233 925 2276 omnes
945 2221 1055 2276 motus
1076 2215 1301 2296 congregativi
1313 2239 1322 2292 ;
1355 2212 1417 2276 sed
1439 2231 1496 2276 cor-

346 2341 427 2403 pora
445 2327 576 2382 tantum
601 2318 715 2399 elevet,
733 2330 792 2384 aut
815 2342 855 2384 ea
878 2321 1094 2385 intumescere
1117 2321 1223 2399 saciat,
1240 2342 1302 2386 nec
1326 2321 1497 2403 quicquam

347 2422 442 2486 ultra.
502 2421 590 2485 Nam
622 2423 648 2485 si
678 2422 756 2485 luna
793 2422 925 2486 attollat
962 2444 1064 2505 aquas
1074 2422 1094 2500 ¹,
1126 2434 1183 2489 aut
1220 2433 1415 2506 turgescere
1449 2428 1495 2483 aut

347 2527 564 2590 intumescere
587 2524 685 2591 iaciat
710 2525 890 2606 humida²;
921 2535 980 2590 aut
1004 2526 1132 2591 coelum
1160 2528 1329 2593 stellatum
1358 2523 1496 2592 attrahat

347 2630 499 2713 planetas
520 2650 634 2694 versus
657 2651 716 2694 sua
738 2651 908 2713 apogaea;
939 2640 996 2694 aut
1023 2631 1071 2695 sol
1100 2632 1216 2715 alliget
1245 2641 1335 2696 astra
1368 2629 1494 2696 Veneris

348 2742 382 2798 et
414 2732 599 2812 Mercurii³,
629 2753 671 2798 ne
701 2732 830 2815 longius
859 2733 969 2797 absint
1001 2755 1021 2798 a
1052 2755 1190 2818 corpore
1220 2735 1291 2817 ejus
1325 2754 1430 2818 quarn
1460 2698 1557 2793 ad

382 2962 404 2994 99
424 2966 475 3018 See
488 2964 559 3036 Aph.
574 2983 606 3030 42
620 2965 655 3018 ad
668 2964 726 3019 init.

383 3045 404 3076 ⁹³
422 3047 486 3101 The
499 3050 671 3117 phenonrena
684 3047 773 3102 which
786 3048 880 3102 Bacon
893 3048 1004 3102 noticed
1021 3065 1068 3104 are
1089 3050 1143 3104 due
1159 3057 1190 3104 to
1206 3049 1254 3104 the
1271 3049 1341 3104 facts
1355 3051 1425 3116 that,
1437 3061 1492 3102 eren

348 3135 376 3182 at
389 3129 517 3201 ordinary
530 3139 738 3200 temperatores,
752 3132 884 3200 Mercury
898 3132 919 3184 is
930 3131 1038 3202 slightly
1051 3134 1168 3200 volatile,
1182 3135 1236 3188 and
1252 3134 1311 3187 that
1325 3135 1375 3188 the
1388 3132 1493 3186 smallcst

348 3213 475 3282 quantity
488 3213 520 3266 of
536 3215 680 3268 mercurial
698 3232 801 3285 uapour
819 3217 929 3283 coming
947 3217 974 3268 in
993 3222 1104 3271 eontact
1120 3219 1186 3271 with
1204 3218 1267 3284 gold
1286 3219 1308 3271 is
1322 3217 1455 3272 sufficient
1469 3221 1492 3278 tp

346 3300 411 3348 tum
434 3297 455 3348 it
474 3296 565 3352 white.
605 3297 631 3349 lt
650 3299 680 3364 is,
698 3298 834 3366 however,
853 3305 915 3353 true
934 3300 993 3353 that
1012 3317 1141 3371 mereury
1158 3301 1300 3355 combiues
1318 3317 1386 3370 very
1405 3298 1492 3364 readily

347 3376 415 3516 yyith
432 3380 504 3515 quld,
516 3380 570 3433 and
588 3380 676 3435 hence
695 3381 717 3434 it
735 3383 756 3436 is
775 3383 842 3436 used
861 3381 905 3436 lor
923 3382 972 3437 the
988 3400 1107 3453 purpose
1123 3384 1155 3439 ol
1170 3386 1326 3453 extracting
1341 3385 1405 3439 that
1422 3380 1490 3438 metal

374 3479 420 3516 om
432 3470 445 3517 t
464 3480 480 3518 e
492 3479 550 3519 ore.

384 3545 406 3579 99
425 3548 451 3601 lt
469 3548 491 3602 is
509 3548 620 3602 curious
637 3554 669 3602 to
688 3549 803 3604 observe
820 3549 880 3603 that
899 3551 921 3603 it
940 3567 1025 3605 never
1042 3553 1176 3606 occurred
1196 3558 1226 3607 to
1245 3552 1348 3619 Bacon,
1367 3569 1398 3606 as
1417 3553 1437 3606 it
1457 3547 1492 3602 did
1555 3601 1556 3629 ,

347 3630 507 3688 afterwards
525 3639 556 3686 to
568 3633 698 3702 Newton,
710 3633 771 3686 that
786 3633 834 3687 the
853 3633 1026 3702 phenomena
1043 3635 1110 3690 here
1129 3636 1272 3690 described
1290 3637 1392 3704 belong
1410 3641 1438 3688 to
1454 3633 1492 3688 the

347 3731 422 3770 same
435 3717 503 3768 class
516 3732 545 3768 as
558 3715 637 3769 those
650 3715 777 3770 included
789 3715 879 3770 under
890 3717 938 3770 the
953 3717 1065 3772 ‘Motus
1078 3719 1304 3786 Congregationis
1317 3719 1450 3787 Majoris.'

384 3793 394 3826 ¹
414 3799 465 3851 See
478 3799 504 3852 ii.
518 3815 550 3863 45
564 3798 618 3851 and
636 3805 715 3852 notes
728 3801 753 3865 6,
768 3813 792 3864 7,
805 3798 874 3853 both
888 3799 932 3853 sor
949 3799 1003 3853 this
1022 3817 1131 3869 passage
1148 3802 1203 3854 and
1218 3801 1263 3855 for
1278 3802 1328 3857 the
1344 3818 1399 3856 one
1415 3800 1491 3855 below

348 3897 385 3934 on
399 3881 446 3933 the
459 3883 607 3936 attraction
620 3881 652 3936 of
662 3883 709 3936 the
722 3883 829 3952 planets
841 3883 877 3951 by
890 3883 938 3936 the
951 3885 1059 3938 coelum
1071 3886 1218 3941 stellatum.

384 3962 395 3994 9
414 3965 465 4033 Cp.
485 3965 609 4019 Historia
629 3967 715 4020 Densi
734 3973 763 4020 et
783 3965 848 4019 Rari
868 3966 913 4036 (E.
926 3967 979 4020 and
994 3969 1028 4034 S.,
1043 3968 1095 4022 vol.
1113 3969 1140 4023 ii.
1156 3985 1183 4038 p.
1203 3969 1282 4038 266):
1305 3971 1445 4038 ‘Recepta
1460 3972 1491 4021 est

348 4047 450 4115 opinio,
462 4048 592 4102 humores
605 4055 634 4102 et
646 4065 752 4118 succos,
765 4066 819 4102 non
839 4051 867 4103 in
883 4050 1044 4105 animalibus
1063 4058 1171 4106 tanturn
1184 4053 1232 4106 sed
1249 4060 1277 4108 et
1291 4053 1318 4107 in
1335 4054 1440 4122 plantis,
1452 4051 1490 4105 sub

348 4131 501 4199 pleniluniis
512 4133 597 4200 magis
609 4138 775 4200 turgescere,
790 4139 818 4187 et
831 4149 897 4187 cava
909 4135 1043 4204 implere!
1074 4137 1125 4206 Cp.
1139 4136 1248 4203 Cicero,
1262 4138 1306 4190 De
1320 4136 1491 4198 Divinatione,

347 4215 375 4268 ii.
392 4231 439 4283 143
462 4215 550 4284 Pliny,
569 4214 634 4270 Nat.
654 4216 729 4270 Hist.
749 4217 775 4270 ii.
795 4235 837 4285 99,
858 4235 904 4270 ror
926 4219 999 4290 (102,
1020 4219 1091 4290 104),
1111 4226 1191 4274 sects.
1212 4238 1272 4288 201,
1291 4220 1358 4288 &c.;
1384 4220 1490 4282 Horace,

348 4299 404 4352 Sat.
418 4298 443 4352 il.
458 4319 483 4365 4,
496 4298 512 4352 l.
529 4315 577 4363 30:

561 4394 698 4450 ‘Lubrica
716 4404 859 4452 nascentes
878 4398 991 4466 implent
1003 4399 1146 4469 conchylia
1158 4399 1272 4454 Lunae!

382 4485 394 4518 ⁸
413 4487 476 4541 The
488 4495 544 4542 two
558 4489 671 4545 inferior
687 4493 800 4560 planets,
813 4510 846 4547 or
862 4493 942 4548 those
959 4493 1052 4548 whose
1069 4496 1157 4550 orbits
1174 4513 1221 4550 are
1236 4512 1336 4552 nearer
1348 4503 1378 4552 to
1390 4495 1436 4550 the
1449 4511 1488 4550 suu
