3220 5102
533 433 538 440 ·
612 419 692 478 ala.
715 420 758 478 H.
781 412 833 491 48.
1238 427 1302 501 539

147 599 273 675 quanto
286 590 418 670 minore,
431 612 471 655 se
483 591 621 658 invicem
638 594 820 677 perimunt3
844 595 895 660 sin
910 593 1032 660 suerint
1048 594 1081 660 in
1099 596 1214 660 massis
1232 619 1301 661 ma·

144 695 271 778 joribus
287 705 320 759 et
336 704 497 778 tanquam
510 696 608 779 justis
623 700 832 778 exercitibus
851 709 921 764 tum
936 721 1014 764 vero
1034 721 1094 783 per
1111 700 1300 766 conflictum

148 821 183 864 se
199 800 279 865 locis
294 799 434 863 invicem
450 813 661 867 summovent
677 813 711 868 et
730 804 873 886 ejiciunt.
920 805 1032 869 Etiam
1055 805 1189 869 tradunt
1211 807 1300 870 cina·

150 923 299 968 momum
315 911 350 966 et
364 903 536 984 odorifera,
551 907 615 970 sita
627 907 725 989 juxta
741 907 874 972 latrinas
890 917 925 972 et
940 909 1013 973 loca
1028 907 1160 986 foetida,
1176 910 1300 972 diutius

149 1007 286 1072 odorem
303 1007 457 1086 retinere3
479 1010 556 1090 quia
575 1021 725 1076 recusant
741 1013 832 1076 exire
851 1023 884 1077 et
907 1013 1110 1077 commisceri
1133 1033 1208 1077 cum
1232 1014 1300 1077 loe·

150 1110 237 1174 tidis.
283 1108 381 1174 Certe
395 1119 570 1192 argentum
585 1113 706 1192 vivum,
723 1116 812 1197 quod
828 1114 909 1179 alias
925 1137 961 1179 se
976 1118 1117 1180 reuniret
1133 1116 1165 1178 in
1181 1136 1300 1200 corpus

150 1214 323 1296 integrum,
350 1213 543 1295 prohibetur
572 1237 631 1300 per
659 1217 796 1282 salivam
827 1217 977 1298 hominis,
1008 1230 1065 1284 aut
1096 1219 1300 1303 axungiam¹

150 1318 250 1400 porci,
264 1325 323 1380 aut
340 1318 606 1398 terebinthinam,
623 1331 657 1386 et
670 1320 869 1404 hujusmodi,
886 1343 927 1386 ne
943 1332 1051 1405 partes
1070 1323 1139 1406 ejus
1161 1333 1300 1403 coeant;

150 1429 287 1504 propter
316 1419 440 1484 malum
470 1441 666 1488 consensum
704 1445 803 1508 quem
840 1425 965 1489 habent
1002 1445 1077 1489 cum
1110 1425 1300 1507 hujusmodi

151 1523 359 1605 corporibus;
397 1544 418 1587 a
455 1526 575 1606 quibus
612 1529 759 1612 undique
796 1528 999 1593 circumfusis
1036 1549 1071 1592 se
1107 1527 1299 1608 retrahunt3

150 1627 236 1690 adeo
251 1634 289 1689 ut
309 1625 424 1690 fortior
446 1628 488 1691 sit
511 1649 623 1694 earum
637 1631 730 1714 suga
751 1633 794 1695 ab
817 1632 888 1696 istis
910 1631 1178 1714 interjacentibus
1200 1654 1300 1715 quam

150 1729 348 1793 desiderium
374 1729 506 1794 uniendi
534 1753 569 1797 se
594 1755 669 1798 cum
696 1736 844 1818 partibus
871 1735 920 1799 sui
944 1735 1125 1815 similibus;
1153 1737 1186 1800 id
1210 1738 1300 1818 quod

149 1842 271 1898 vocant
300 1833 599 1916 mortr'ficatz'cmeffl
630 1839 757 1922 argenti
786 1839 862 1904 vivi.
924 1839 1036 1903 Etiam
1067 1841 1157 1922 quod
1191 1839 1301 1904 oleum

151 1958 226 2003 cum
245 1958 332 2019 aqua
347 1958 413 2002 non
430 1939 612 2018 misceatur,
630 1965 696 2008 non
713 1953 843 2007 tantum
866 1944 899 2006 in
922 1963 1021 2007 causa
1043 1953 1093 2007 est
1115 1943 1302 2007 differentia

153 2041 303 2120 levitatis
335 2044 394 2105 sed
425 2043 529 2109 malus
560 2047 704 2129 ipsorum
735 2068 930 2112 consensus:
969 2056 1006 2111 ut
1037 2047 1149 2112 videre
1186 2055 1237 2110 est
1267 2046 1301 2110 in

153 2146 267 2228 spiritu
282 2147 358 2225 vini,
373 2147 429 2228 qui
446 2168 522 2212 cum
538 2149 640 2214 levior
655 2152 698 2215 sit
714 2149 797 2230 oleo,
812 2160 925 2215 tamen
941 2172 976 2215 se
990 2151 1075 2214 bene
1091 2151 1207 2215 miscet
1225 2170 1301 2215 cum

152 2270 248 2331 aqua.
293 2249 343 2313 At
359 2250 506 2315 maxime
525 2255 672 2318 omnium
689 2254 824 2337 insignis
840 2263 890 2318 est
909 2263 1019 2318 motus
1027 2254 1136 2335 fugae
1153 2255 1185 2317 in
1206 2255 1300 2333 nitro,

152 2362 186 2417 et
210 2352 399 2434 hujusmodi
426 2356 616 2437 corporibus
638 2358 755 2436 crudis,
778 2378 864 2439 quae
887 2355 1057 2421 flammam
1080 2357 1300 2436 exhorrent⁹;

152 2467 190 2522 ut
212 2459 244 2521 in
268 2457 402 2541 pulvere
424 2461 528 2542 pyrio,
552 2472 690 2546 argento
713 2463 796 2542 vivo,
820 2482 946 2526 necnon
977 2463 1009 2526 in
1036 2482 1115 2525 auro
1125 2460 1160 2526 ¹⁰.
1205 2462 1301 2543 Fuga

152 2583 229 2626 vcro
245 2561 318 2626 serri
329 2560 352 2598 ¹¹
368 2563 411 2626 ab
427 2563 530 2629 altero
546 2567 624 2648 polo
642 2568 803 2650 magnetis
819 2588 840 2630 a
859 2563 1042 2630 Gilberto¹¹
1065 2567 1150 2629 bene
1169 2574 1302 2629 notatur

187 2842 361 2900 ¹Axle·tree
385 2863 488 2914 grasse,
512 2846 588 2916 hog’s
612 2848 679 2904 lard.
717 2851 768 2904 See
790 2849 878 2919 Pliny,
898 2847 963 2902 Nat.
990 2848 1063 2904 Hist.
1084 2847 1210 2916 xxviiio
1235 2847 1303 2918 (37),

151 2934 231 2983 sects.
249 2947 307 2998 135,
320 2929 370 2984 &o

188 3009 198 3040 ⁸
218 3013 268 3080 Cp.
283 3013 406 3067 Historia
419 3013 505 3068 Densi
518 3019 547 3068 et
561 3013 635 3084 Rari,
649 3016 682 3072 E.
694 3017 749 3070 and
762 3018 797 3083 8.,
810 3015 863 3070 vol.
875 3015 902 3070 ii.
915 3032 960 3086 pp.
975 3017 1070 3080 286-7.

188 3093 200 3126 ⁹
218 3097 269 3164 Cp·
282 3095 308 3151 n.
323 3100 355 3162 3⁶
370 3095 421 3166 (7)-

190 3177 211 3208 ¹⁰
229 3179 279 3248 Cp.
293 3179 418 3233 Historia
435 3180 597 3250 Ventorum,
616 3183 647 3236 E.
661 3184 715 3237 and
732 3185 767 3250 8.,
783 3183 835 3237 νοΙ.
848 3183 876 3238 ii.
891 3199 917 3252 p.
931 3197 974 3249 74,
989 3183 1043 3237 and
1058 3198 1105 3237 see
1121 3183 1304 3238 Beckmann's

155 3262 271 3331 History
291 3261 322 3316 ol
341 3263 507 3332 Inventione,
528 3267 580 3321 vol.
600 3269 637 3321 iii.
657 3283 683 3337 p.
708 3274 755 3321 128
778 3269 820 3338 (as
838 3267 943 3337 quoted
966 3268 994 3321 iu
1014 3268 1046 3323 E.
1068 3268 1122 3322 and
1144 3268 1182 3337 S.)
1203 3267 1303 3322 toran

152 3354 271 3401 account
284 3346 317 3400 of
329 3347 376 3401 the
389 3347 529 3420 discovery
542 3351 574 3405 of
588 3351 759 3420 fulminating
771 3353 843 3420 gold.
882 3353 914 3406 ln
931 3352 979 3407 the
991 3354 1170 3407 two-volume
1184 3354 1304 3419 Edition‚

154 3429 201 3484 the
220 3429 361 3484 reference
379 3431 401 3484 is
419 3433 472 3486 vol.
489 3433 515 3487 ii.
536 3449 562 3503 p.
578 3453 636 3502 301,
650 3435 700 3490 &a
736 3437 800 3490 The
819 3436 914 3490 ellects
932 3435 964 3490 os
979 3435 1140 3505 detonating
1157 3439 1239 3491 silver
1257 3453 1304 3490 are

154 3512 236 3566 much
249 3529 325 3568 more
338 3515 439 3568 violent
452 3516 518 3570 than
530 3519 609 3572 those
621 3518 654 3572 ol
663 3520 823 3587 detonating
835 3520 907 3587 gold.

189 3594 209 3627 ¹¹
229 3597 304 3651 That
323 3598 353 3665 is,
366 3601 533 3666 magnetised
550 3602 628 3670 iron;
646 3602 691 3656 for
707 3603 754 3656 the
774 3603 824 3656 law
840 3603 900 3656 that
913 3605 920 3633 ‘
931 3603 1012 3656 Poles
1028 3601 1061 3654 of
1073 3602 1120 3654 the
1136 3617 1210 3656 same
1224 3617 1303 3656 name

153 3681 237 3750 repel‚
256 3681 310 3735 and
328 3682 403 3751 poles
422 3682 454 3737 of
469 3689 600 3754 contrary
618 3701 698 3739 name
716 3692 817 3738 attract
836 3701 890 3739 one
910 3685 1047 3739 another’
1067 3684 1168 3753 applies
1189 3685 1252 3752 only
1272 3690 1303 3737 to

154 3764 313 3818 substantes
324 3766 391 3820 both
405 3764 437 3818 os
446 3767 533 3820 which
547 3784 594 3821 are
607 3775 739 3835 magnets.

189 3845 210 3877 ¹¹
229 3848 290 3900 ‘Ita
311 3849 395 3902 coitio
417 3851 569 3917 magnetica
588 3858 667 3905 actus
689 3857 730 3904 est
750 3851 885 3917 magnetis
903 3856 931 3903 et
950 3849 1025 3918 ferri,
1045 3867 1100 3902 non
1122 3852 1195 3904 actio
1216 3851 1302 3918 unius,

153 3930 294 4000 utriusque
312 3931 457 4002 ἐντελέχεια
476 3949 530 3986 non
549 3934 635 4004 ἔργον,
648 3935 815 4002 συντελέχεια
832 3939 861 3986 et
880 3941 1010 3986 conactus
1027 3935 1212 4003 potiusquam
1229 3951 1302 4003 sym·

153 4014 261 4082 pathia;
289 4015 439 4084 antipathia
457 4016 528 4070 nulla
546 4023 588 4070 est
606 4017 715 4086 proprie
734 4017 896 4083 magnetica.
933 4015 1005 4069 Nam
1025 4015 1087 4083 luga
1109 4023 1138 4070 et
1156 4017 1303 4072 declinatio

154 4098 345 4159 terminorum,
364 4099 419 4153 sive
443 4101 585 4153 conversio
609 4101 702 4167 totius,
727 4100 870 4168 utriusque
894 4107 972 4154 actus
995 4105 1037 4153 est
1062 4099 1096 4153 ad
1121 4101 1263 4167 unitatem,
1287 4117 1305 4155 a

154 4189 271 4235 conactu
279 4183 513 4254 εῐσυνιντελέχεια
523 4181 584 4254 [sic]
594 4183 758 4238 amborum!
786 4184 903 4250 Gilbert,
914 4184 958 4236 De
968 4183 1108 4251 Magnete,
1116 4184 1162 4238 lib.
1173 4183 1200 4237 ii.
1208 4200 1268 4252 cap.
1279 4203 1304 4248 4.

155 4264 210 4318 But
223 4265 313 4335 surely
325 4264 379 4319 this
398 4267 419 4318 is
435 4283 464 4320 as
478 4269 560 4321 much
573 4285 589 4322 a
601 4285 663 4322 case
681 4268 714 4322 of
730 4269 866 4338 repulsion
885 4283 914 4320 as
931 4283 984 4336 any
996 4267 1028 4319 ol
1045 4267 1091 4321 the
1110 4268 1204 4322 others
1216 4268 1304 4320 which

155 4347 223 4402 have
235 4349 306 4402 been
320 4350 440 4404 noticed.
477 4351 498 4403 F
501 4353 600 4422 araday
614 4352 831 4422 (Experimental
850 4351 1017 4405 Researches
1032 4353 1058 4404 in
1074 4351 1244 4420 Electricity)
1257 4351 1306 4405 has

154 4431 247 4484 shewn
266 4431 327 4486 that
346 4432 426 4486 there
448 4449 494 4489 are
516 4451 597 4504 many
616 4437 774 4489 substances
794 4435 893 4506 (called
911 4434 947 4504 by
967 4435 1023 4488 him
1041 4434 1223 4503 diamagnetic
1241 4435 1305 4488 sub·

154 4514 273 4586 stances)
288 4516 376 4570 which
388 4533 435 4571 are
448 4519 568 4588 repelled
580 4519 616 4589 by
628 4519 695 4574 both
708 4519 827 4590 polesot
837 4536 852 4573 a
865 4525 984 4588 magnet.
