3220 5102
613 433 691 490 LIB.
714 434 756 492 II.
779 424 832 506 48.
1237 439 1301 512 543

145 599 375 683 distinguunt3
393 592 398 600 ’
415 595 517 661 veluti
548 616 624 661 cum
654 596 761 660 lutum
771 593 798 634 ²2
828 597 916 666 inter,
946 595 1077 681 lapillos
1110 599 1299 674 concrescit,

145 713 179 767 et
205 705 343 768 vertitur
368 703 402 768 in
431 701 603 765 materiam
631 701 817 784 lapideam;
852 721 1046 785 squammae
1073 704 1158 768 circa
1182 705 1299 767 dentes

144 817 318 871 vertuntur
333 807 366 869 in
383 805 602 869 substantiam
624 825 690 869 non
712 807 819 870 minus
836 807 954 871 duram
969 828 1070 890 quam
1087 819 1164 872 sunt
1180 809 1299 871 dentes

146 911 218 994 ipsi,
248 921 311 975 etc.
367 908 492 973 Sumus
521 908 609 972 enim
643 909 677 972 in
707 931 746 973 ea
776 910 942 992 opinione,
972 912 1079 976 inesse
1109 913 1299 995 corporibus

146 1016 301 1078 omnibus
330 1013 529 1078 desiderium
558 1012 770 1093 assimilandi,
798 1034 864 1078 non
892 1017 1000 1079 minus
1030 1037 1131 1098 quam
1158 1016 1297 1081 coeundi

146 1119 189 1182 ad
212 1119 440 1201 homogenea3
469 1138 585 1182 verum
608 1117 729 1200 ligatur
750 1119 814 1182 ista
835 1118 948 1197 virtue,
971 1121 1056 1185 sicut
1079 1131 1111 1185 et
1134 1121 1197 1198 illa,
1221 1121 1298 1184 licet

146 1241 214 1285 non
237 1222 354 1285 iisdem
378 1221 495 1285 modis.
541 1217 609 1285 Sed
634 1222 751 1285 modos
775 1221 857 1300 illos,
880 1242 1007 1288 necnon
1030 1224 1231 1288 solutionem
1254 1226 1296 1288 ab

146 1328 273 1403 iisdem,
297 1326 388 1391 omni
410 1324 583 1407 diligentia
606 1326 769 1407 inquirere
796 1335 936 1407 oportet,
959 1323 1037 1409 quia
1062 1329 1229 1411 pertinent
1252 1329 1297 1392 ad

146 1431 325 1496 senectutis
351 1430 624 1495 refocillationem
633 1427 669 1489 2³.
725 1430 896 1495 Postremo
921 1431 1053 1496 videtur
1079 1443 1195 1497 notatu
1226 1435 1299 1516 dig-

146 1557 236 1612 num,
267 1536 357 1618 quod
389 1536 423 1599 in
453 1533 610 1599 novem2⁴
640 1534 705 1598 illis
735 1534 891 1613 motibus,
921 1537 965 1600 de
993 1537 1112 1618 quibus
1141 1537 1296 1613 diximus,

145 1659 283 1722 corpora
301 1648 431 1703 tantum
454 1646 591 1703 naturae
610 1658 691 1702 suae
711 1639 993 1703 conservationem
1011 1649 1169 1724 appetere
1184 1641 1300 1703 viden-v

143 1753 217 1822 tur;
241 1745 273 1807 in
289 1744 352 1808 hoc
371 1744 504 1808 decimo
518 1753 631 1808 autem
647 1743 933 1826 propagationem.

186 1844 258 1933 (ια)
282 1847 334 1913 Sit
365 1849 480 1912 Motus
512 1847 748 1924 Duodecimus,
779 1831 893 1910 Motus
922 1845 1202 1922 Excitationis²⁵;
1240 1849 1296 1930 qui

144 1960 255 2014 motus
269 1953 398 2017 videtur
411 1973 484 2016 esse
505 1973 549 2016 ex
567 1972 687 2034 genere
707 1949 965 2029 assimilationes,
980 1961 1082 2034 atque
1102 1973 1143 2016 eo
1163 1951 1297 2015 nomine

143 2055 344 2138 quandoque
359 2077 379 2120 a
395 2056 491 2119 nobis
505 2057 692 2138 promiscue
706 2065 851 2120 vocatur,
891 2055 954 2120 Est
970 2056 1057 2119 enim
1074 2065 1185 2119 motus
1200 2055 1297 2119 diffu-

143 2157 241 2235 sivus,
268 2168 302 2222 et
332 2159 638 2237 communicativus,
665 2169 698 2222 et
727 2161 926 2238 transitivus,
952 2168 986 2223 et
1016 2160 1295 2242 multiplicativuS,

144 2262 229 2324 sicut
255 2270 289 2324 et
313 2262 368 2326 ille
381 2284 389 2342 ;
415 2273 517 2345 atque
544 2263 663 2327 effectu
687 2260 739 2347 (ut
761 2261 954 2351 plurimum)
977 2265 1196 2342 consentiunt,
1219 2264 1295 2329 licet

144 2364 307 2429 efficiendi
330 2367 430 2430 modo
452 2375 486 2430 et
507 2367 657 2449 subjecto
678 2366 841 2431 differant.
887 2367 1001 2431 Motus
1022 2369 1110 2432 enim
1130 2368 1296 2432 assimila·

145 2470 244 2533 tionis
259 2470 408 2552 procedit
424 2478 583 2553 tanquam
600 2491 674 2534 cum
691 2470 829 2553 imperio
845 2482 878 2535 et
893 2481 1074 2554 potestate3
1094 2473 1190 2554 jubet
1206 2473 1294 2536 enim

144 2583 178 2637 et
205 2575 293 2655 cogit
319 2573 538 2638 assimilatum
566 2575 598 2638 in
625 2575 864 2654 assimilantem
890 2576 973 2638 verti
1000 2585 1033 2639 et
1061 2577 1215 2640 mutari·
1245 2576 1297 2640 At

144 2687 254 2741 motus
280 2677 481 2742 excitationis
506 2679 656 2760 procedit
681 2689 843 2762 tanquam
869 2688 940 2743 arte
964 2689 998 2743 et
1020 2681 1239 2745 insinuatione
1262 2691 1295 2744 et

143 2780 255 2844 furtim
265 2805 274 2856 ;
299 2791 332 2845 et
353 2781 470 2845 invitat
492 2791 633 2862 tantum,
654 2791 688 2846 et
706 2783 854 2864 disponit
875 2783 1058 2847 excitatum
1080 2785 1124 2846 ad
1143 2792 1295 2847 naturam

143 2885 330 2950 excitantis.
376 2885 489 2950 Etiam
513 2896 623 2950 motus
645 2887 896 2950 assimilationis
914 2885 1111 2969 multiplicat
1134 2897 1168 2951 et
1190 2897 1297 2952 trans-

143 2989 263 3054 format
286 3010 426 3073 corpora
449 2999 483 3054 et
506 2991 729 3066 substantias;
752 2988 864 3064 veluti,
883 2989 959 3073 plus
980 2990 1018 3054 fit
1038 2988 1201 3070 flammae,
1221 2992 1296 3075 plus

177 3200 199 3235 ⁹¹
218 3203 264 3258 He
277 3219 372 3257 means
384 3203 444 3274 clay
457 3203 548 3257 mixed
567 3220 603 3272 up
617 3203 683 3257 with
701 3203 813 3272 pebbles
832 3219 864 3256 or
882 3205 1024 3270 gravetas
1042 3205 1069 3257 in
1089 3206 1294 3272 conglomerate

141 3291 235 3340 strata.
275 3287 339 3341 The
358 3287 513 3340 induration
533 3287 624 3340 would
641 3286 706 3340 take
724 3287 802 3355 place
817 3287 876 3356 just
896 3303 925 3340 as
945 3288 1055 3357 readily,
1075 3287 1098 3340 if
1113 3289 1134 3342 it
1153 3305 1225 3343 were
1244 3291 1293 3344 de·

142 3370 251 3437 tached,
264 3371 396 3439 provided
408 3371 430 3423 it
443 3387 516 3424 were
528 3370 672 3438 subjected
686 3377 717 3424 to
729 3370 777 3424 the
789 3387 864 3425 same
877 3371 1025 3426 influences
1038 3373 1064 3425 in
1075 3372 1157 3427 other
1164 3381 1293 3443 respects.

176 3451 198 3484 ²³
217 3454 263 3507 To
282 3455 367 3508 attain
386 3454 440 3507 this
458 3455 512 3508 end
531 3455 553 3506 is
571 3454 619 3508 the
637 3455 767 3522 practical
786 3455 929 3523 objectos
944 3455 993 3510 the
1009 3457 1153 3511 ‘Historia
1169 3459 1248 3512 Vitae
1265 3467 1293 3512 et

143 3537 263 3592 Mortis!
299 3540 349 3590 See
362 3539 418 3591 also
432 3539 476 3592 De
489 3539 659 3604 Augmentis,
673 3540 719 3592 lib.
732 3539 766 3594 iv.
780 3555 839 3607 cap.
855 3558 878 3594 a.

178 3621 241 3675 The
264 3622 340 3674 word
362 3621 557 3687 ‘refocillatiq’
579 3622 669 3675 which
689 3624 710 3675 is
732 3628 781 3676 not
802 3629 832 3676 to
854 3625 889 3676 be
911 3621 997 3676 found
1016 3623 1043 3675 in
1064 3622 1183 3678 classical
1203 3624 1293 3692 Latin,

143 3705 245 3773 though
264 3704 311 3758 the
330 3705 396 3758 verb
414 3705 538 3760 refocillo
557 3707 579 3758 is
598 3705 778 3773 occasionally
793 3706 879 3760 found
898 3707 926 3758 in
944 3707 1162 3774 post-Augustan
1180 3709 1294 3775 writers,

142 3806 239 3844 occurs
263 3789 290 3842 in
312 3806 389 3843 some
410 3790 442 3842 of
463 3790 511 3844 the
536 3790 582 3843 old
604 3788 714 3856 College
734 3805 837 3855 graces,
859 3805 896 3855 as,
917 3788 961 3842 for
983 3789 1113 3854 instance,
1135 3789 1163 3841 in
1184 3791 1245 3843 that
1267 3793 1299 3845 of

143 3874 257 3928 Lincoln
278 3873 397 3942 College,
417 3873 541 3928 Oxford:
570 3873 700 3940 ‘Agimus
718 3871 784 3925 Tibi
803 3873 902 3940 gratias
921 3888 972 3940 pro
994 3871 1010 3905 *
1030 3871 1045 3904 *
1065 3872 1081 3905 *
1103 3874 1295 3943 praesentique

142 3957 358 4013 refocillatione!

176 4038 198 4070 ²⁴
217 4039 297 4107 Nine,
316 4040 376 4094 that
397 4041 418 4094 is
436 4047 468 4094 to
486 4057 540 4108 say,
560 4039 705 4106 excluding
723 4039 771 4093 the
790 4037 848 4092 first
870 4037 1001 4092 so-called
1021 4038 1146 4106 ‘motus’
1166 4039 1254 4093 which
1274 4043 1296 4096 is

141 4140 271 4178 common
292 4130 323 4178 to
342 4125 377 4178 all
395 4130 506 4192 matter,
525 4124 579 4178 and
597 4123 629 4177 of
646 4123 735 4178 which
754 4139 791 4176 no
810 4123 947 4191 examples
964 4139 1011 4175 are
1030 4122 1183 4192 proposed3
1209 4125 1295 4180 ‘inest

141 4209 213 4261 enim
227 4209 301 4261 omni
315 4209 444 4277 corpori!

176 4289 198 4322 ²⁵
216 4290 280 4345 The
293 4293 344 4346 last
356 4294 364 4321 ‘
374 4293 482 4345 motus'
497 4292 518 4346 is
530 4290 679 4346 conceived
699 4290 731 4345 of
746 4307 775 4344 as
788 4290 960 4358 multiplying
971 4289 1130 4343 substantes
1142 4289 1179 4359 by
1191 4292 1295 4345 assimi-

141 4375 234 4441 lation,
252 4375 306 4428 this
323 4393 353 4428 as
370 4377 492 4443 exciting
509 4392 543 4429 or
561 4377 795 4441 communicating
807 4375 934 4444 qualities
952 4374 988 4443 by
1001 4389 1094 4426 means
1111 4372 1143 4426 of
1158 4373 1293 4430 diffusiori.

142 4457 205 4512 The
218 4459 325 4526 growth
339 4459 370 4513 of
380 4460 428 4512 the
441 4459 514 4528 body
528 4459 582 4513 and
595 4461 629 4514 its
641 4461 748 4515 various
759 4465 834 4530 parts
847 4458 936 4512 would
952 4458 987 4512 be
1000 4456 1048 4511 the
1060 4457 1160 4527 typical
1174 4457 1296 4515 instance

142 4541 174 4596 of
183 4541 231 4597 tbe
244 4558 305 4613 one,
318 4543 383 4598 heat
395 4543 427 4598 of
440 4544 489 4598 the
501 4544 591 4598 other.
