3220 5102
349 458 413 525 490
726 449 883 505 NOVUM
904 447 1123 504 ORGANUM.

349 613 465 697 Atque
490 613 572 679 haec
600 613 747 678 maxime
772 613 981 678 deducuntur
1004 612 1047 677 ad
1071 631 1203 676 sensum
1229 631 1288 694 per
1311 609 1489 674 notationes

350 719 524 801 diligentes
540 721 721 801 primorum
737 719 949 801 incoeptuum
968 728 1002 782 et
1021 719 1281 782 rudimentorum
1303 717 1375 780 sive
1397 724 1489 783 tenta·

350 833 536 886 mentorum
555 825 644 887 vitae
667 825 700 887 in
723 822 929 886 animalculis
948 844 993 886 ex
1015 821 1258 904 putrefactione
1278 821 1388 886 natis:
1408 829 1444 888 ut
1462 823 1490 882 in

349 926 419 990 ovis
445 926 663 1004 formicarum,
686 927 863 1002 vermibus,
891 927 1021 1001 muscis,
1050 927 1137 990 ranis
1166 934 1243 1008 post
1269 925 1420 1001 imbrem,
1441 922 1489 986 &c

351 1029 541 1111 Requiritur
555 1039 667 1094 autem
682 1032 726 1094 ad
742 1029 997 1094 vivificationem
1013 1040 1047 1094 et
1062 1030 1181 1094 lenitas
1200 1027 1319 1094 caloris
1344 1037 1379 1090 et
1398 1027 1490 1090 lentot

350 1133 514 1214 corporis;
542 1143 579 1197 ut
602 1135 735 1216 spiritus
758 1155 818 1197 nec
840 1155 900 1218 per
921 1133 1168 1200 festinationem
1186 1141 1351 1213 erumpat,
1368 1151 1427 1194 nec
1441 1152 1489 1212 per

351 1237 592 1300 contumaciam
607 1239 749 1319 partium
766 1246 962 1313 coerceatur,
974 1239 1054 1322 quin
1069 1238 1181 1322 potius
1196 1237 1239 1300 ad
1255 1255 1352 1299 cerae
1368 1235 1489 1296 modum

352 1339 425 1402 illas
440 1339 562 1422 plicare
578 1350 610 1403 et
626 1341 780 1423 effingere
795 1343 909 1424 possit.

395 1442 528 1521 Rursus,
538 1444 722 1508 differentia
731 1445 787 1508 illa
800 1445 944 1530 spiritus,
957 1444 1105 1508 maxime
1117 1441 1236 1506 nobilis
1252 1451 1285 1506 et
1300 1443 1346 1505 ad
1363 1439 1489 1524 plurima

351 1547 518 1628 pertinens
548 1545 622 1633 (vin
650 1549 786 1634 spiritus
815 1548 961 1624 abscissi,
995 1549 1117 1610 ramosi
1149 1545 1353 1629 simpliciter,
1383 1543 1489 1606 ramosi

351 1650 448 1714 simul
478 1660 512 1716 et
541 1651 686 1716 cellulati
699 1673 708 1730 ;
745 1673 789 1716 ex
820 1653 939 1735 quibus
970 1651 1058 1734 prior
1096 1659 1146 1714 est
1181 1650 1315 1731 spiritus
1355 1647 1488 1711 omnium

351 1775 524 1837 corporum
549 1755 815 1829 inanimatorum,
840 1755 1005 1818 secundus
1025 1751 1271 1836 vegetabilium,
1290 1751 1411 1814 tertius
1432 1750 1489 1812 ani·

244 1847 252 1864 '
349 1853 512 1941 mallum),
537 1877 596 1938 per
621 1857 778 1938 plurimas
808 1858 981 1921 instantias
1011 1857 1221 1921 deductorias
1250 1865 1412 1938 tanquam
1440 1852 1488 1918 sub

351 1959 462 2024 oculos
482 1960 623 2040 ponitur.

395 2060 554 2124 Similiter
576 2071 676 2143 patet,
702 2064 793 2145 quod
819 2062 1005 2127 subtiliores
1032 2071 1186 2128 texturae
1213 2070 1246 2126 et
1278 2057 1488 2125 schematismi

351 2186 458 2228 rerum
481 2159 572 2250 (licet
589 2175 662 2228 toto
678 2185 814 2248 corpore
826 2167 1005 2230 visibilium
1024 2177 1082 2231 aut
1104 2163 1328 2252 tangibilium)
1353 2187 1413 2230 nec
1434 2184 1488 2228 cer·

352 2279 471 2333 nantur
486 2290 546 2333 nec
560 2279 750 2352 tangantur.
796 2270 909 2353 Quare
925 2273 958 2334 in
973 2270 1024 2334 his
1043 2292 1176 2354 quoque
1191 2291 1250 2353 per
1267 2271 1487 2334 deductionem

351 2376 500 2457 procedit
517 2374 715 2440 informatio.
759 2374 810 2439 At
827 2375 1011 2440 differentia
1027 2375 1338 2440 schematismorum
1356 2373 1488 2437 maxime

351 2479 501 2543 radicalis
517 2489 550 2542 et
569 2479 724 2561 primaria
742 2480 883 2544 sumitur
900 2502 945 2544 ex
964 2481 1060 2562 copia
1076 2480 1130 2544 vel
1152 2481 1321 2563 paucitate
1345 2479 1488 2542 materiae

350 2603 434 2664 quae
464 2584 552 2646 subit
583 2583 670 2646 idem
701 2584 847 2666 spatium
880 2585 949 2648 sive
982 2584 1180 2647 dimensum.
1240 2582 1377 2666 Reliqui
1412 2581 1486 2643 enim

350 2686 573 2751 schematismi
595 2685 666 2772 (qui
686 2686 869 2750 referuntur
888 2687 931 2750 ad
952 2687 1229 2752 dissimilaritates
1248 2688 1402 2769 partium,
1416 2701 1487 2766 quae

350 2791 382 2853 in
406 2792 523 2856 eodem
548 2812 685 2874 corpore
708 2793 927 2870 continentur,
951 2801 984 2856 et
1011 2792 1245 2858 collocationes
1270 2813 1310 2856 ac
1338 2790 1487 2875 posituras

351 2895 544 2981 earundem)
560 2918 639 2978 prae
655 2896 711 2959 illo
726 2898 831 2960 altero
847 2906 924 2960 sunt
940 2898 1134 2961 secundarii.

395 2997 446 3064 Sit
461 3002 572 3082 itaque
588 3010 706 3064 natura
722 3002 877 3084 inquisita
890 3001 1064 3083 Expansio
1080 3003 1148 3065 sive
1164 3000 1274 3066 Coitio
1292 2997 1450 3063 Materiae
1460 2995 1485 3056 in

351 3105 541 3186 corporibus
552 3107 747 3186 respective:
770 3107 830 3169 viz.
842 3117 1004 3188 quantum
1016 3108 1173 3170 materiae
1185 3105 1324 3190 impleat
1340 3111 1485 3187 quantum

350 3208 535 3270 dimensum
565 3210 597 3270 in
625 3208 771 3289 singulis.
817 3209 952 3273 Etenim
983 3211 1028 3273 nil
1054 3212 1163 3274 verius
1189 3212 1222 3273 in
1252 3220 1371 3273 natura
1400 3223 1484 3290 quam

350 3312 530 3392 propositio
547 3311 602 3373 illa
617 3311 769 3394 gemella,
784 3333 823 3375 ex
838 3313 941 3378 nihilo
955 3314 1139 3398 nilzilfieri,
1155 3335 1263 3397 neque
1278 3315 1444 3395 quicquam
1458 3309 1485 3370 in

350 3414 491 3479 nihilum
502 3413 624 3496 redigi:
648 3436 761 3478 vcrum
777 3427 938 3499 quantum
956 3418 1063 3500 ipsum
1080 3419 1237 3482 materiae
1253 3420 1321 3481 sive
1336 3431 1484 3479 summam

301 3582 306 3598 ,
352 3520 493 3583 totalem
516 3529 676 3598 constare,
695 3541 756 3584 nec
779 3523 892 3604 augeri
914 3533 972 3587 aut
996 3524 1098 3587 minui
1109 3523 1145 3586 ⁵².
1191 3525 1264 3588 Nec
1288 3523 1368 3586 illud
1394 3521 1485 3586 minus

384 3724 407 3756 θ’
425 3725 495 3779 This
513 3725 564 3778 law
584 3727 605 3779 is
624 3743 686 3778 now
704 3725 804 3780 known
824 3743 852 3780 as
870 3727 930 3780 that
948 3727 981 3780 of
997 3727 1043 3781 the
1063 3729 1311 3796 indestructibility
1331 3727 1364 3781 of
1384 3727 1483 3780 Matter.

349 3809 463 3863 Parallel
483 3815 514 3862 to
532 3809 561 3876 it,
581 3808 604 3862 if
622 3817 671 3862 not
689 3809 818 3863 identical
837 3811 903 3863 with
921 3811 951 3877 it,
966 3811 987 3863 is
1006 3813 1054 3865 the
1072 3813 1124 3866 law
1142 3813 1174 3866 of
1189 3813 1238 3866 the
1252 3801 1485 3866 conservationes

351 3894 447 3946 Force.
485 3891 579 3945 These
603 3910 650 3947 are
674 3899 702 3946 at
733 3909 803 3946 once
828 3901 954 3961 amongst
977 3895 1026 3949 the
1054 3896 1161 3963 highest
1191 3897 1413 3963 generalisations
1440 3886 1483 3943 and

350 3983 476 4043 amongst
496 3977 544 4030 the
565 3983 639 4030 most
662 3976 840 4044 illuminating
862 3979 1007 4047 principles
1036 3979 1068 4032 of
1088 3980 1211 4036 Science.
1257 3979 1315 4032 Mr.
1336 3977 1404 4032 Bain
1424 3974 1482 4042 gives

349 4077 384 4114 an
397 4060 532 4114 excellent
544 4077 682 4129 summary
694 4060 727 4114 of
739 4060 787 4114 the
800 4062 907 4114 various
919 4069 1026 4130 aspects
1037 4063 1091 4116 and
1103 4078 1309 4132 consequences
1324 4059 1356 4116 of
1372 4061 1417 4114 the
1429 4058 1482 4110 Lav

349 4144 380 4198 of
403 4144 599 4197 Conservation
620 4145 653 4197 of
676 4144 697 4196 F
699 4161 765 4198 orce
790 4145 817 4197 in
842 4145 883 4198 his
907 4146 1051 4200 Inductive
1071 4148 1166 4214 Logic,
1192 4153 1230 4200 rst
1253 4145 1315 4212 Ed,
1336 4161 1362 4214 p.
1385 4162 1424 4208 no,
1443 4140 1482 4192 &c-

349 4231 404 4298 (cp.
412 4243 438 4296 p.
450 4245 481 4279 υ
486 4243 510 4294 5,
520 4225 591 4295 dte),
602 4228 659 4293 but,
672 4229 796 4297 perhaps,
809 4229 858 4282 the
871 4229 932 4282 hest
945 4229 999 4282 and
1012 4238 1082 4283 most
1096 4231 1257 4284 instructive
1269 4224 1481 4297 exemplificatiou

348 4311 381 4366 of
391 4312 411 4363 it
424 4310 445 4363 is
458 4317 488 4364 to
501 4312 535 4364 be
547 4311 633 4366 found
646 4313 673 4364 in
687 4312 729 4364 Sir
741 4313 788 4367 W.
804 4311 837 4366 R.
851 4314 966 4366 Grove’s
979 4314 1153 4367 Correlation
1167 4313 1197 4367 of
1209 4313 1333 4382 Physical
1348 4312 1450 4364 forces.

385 4394 449 4446 The
461 4395 562 4448 maxim
576 4396 602 4446 in
616 4396 663 4448 the
675 4395 748 4448 form
762 4397 788 4448 in
802 4396 891 4449 which
901 4397 994 4451 Bacon
1004 4399 1077 4465 gives
1089 4399 1110 4450 it
1123 4399 1145 4450 is
1157 4397 1190 4450 of
1199 4396 1344 4451 venerable
1353 4390 1481 4460 antiquity.

347 4479 427 4530 Thus
447 4477 585 4544 Diogenes
603 4478 729 4532 Laertius
749 4479 796 4548 (ix.
811 4479 857 4548 44)
876 4481 1039 4548 recounting
1057 4482 1105 4534 the
1124 4482 1249 4550 opinions
1267 4479 1299 4533 of
1313 4474 1481 4531 Democritus,

347 4576 422 4630 says:
441 4560 520 4628 μηδέν
539 4583 572 4632 rr¹
590 4563 617 4616 ἐκ
636 4566 681 4616 τοῦ
698 4563 733 4633 μὴ
752 4563 825 4620 ὄντος
843 4564 970 4636 γίνεσθαι,
988 4564 1052 4634 μηδὲ
1072 4563 1108 4621 ris
1125 4566 1156 4619 τὸ
1173 4565 1208 4634 μὴ
1228 4563 1257 4618 ὃν
1274 4559 1425 4636 φθείρεσθαι
1437 4557 1480 4625 (cp.
