3324 5110
283 361 348 482 360
659 398 817 456 Νοννιιτ
836 397 1055 455 orrannum.

282 566 542 653 respirationiil:
567 565 599 631 in
615 587 682 651 quo
696 565 819 632 vertice
835 565 935 631 etiam
951 563 1091 629 relatum
1107 570 1166 642 est,
1185 570 1314 627 tantam
1334 561 1436 630 luisse

281 674 492 738 serenitatem
512 682 545 735 et
561 672 834 753 tranquillitatem
851 691 871 734 a
886 670 1006 753 pluviis
1026 679 1060 733 et
1082 667 1211 731 nivibus
1231 677 1264 732 et
1284 668 1392 732 ventis
1401 667 1435 746 77,

281 787 318 841 ut
330 775 589 840 sacrificantibus
605 775 718 839 literae
733 774 919 856 descriptae
935 773 1040 854 digito
1055 772 1089 835 in
1105 770 1268 836 cineribus
1283 771 1435 836 sacrifici-

282 901 376 944 orum
391 900 490 962 super
504 898 595 942 aram
610 877 711 958 Jovis,
727 885 897 940 manerent
912 876 945 938 in
962 895 1085 939 annum
1103 875 1294 957 proximum
1309 875 1436 956 absque

281 985 349 1048 ulla
363 983 609 1067 perturbatione
618 979 654 1045 ⁷⁸.
698 980 816 1064 Atque
836 981 937 1044 etiam
957 979 1057 1043 hodie
1074 978 1291 1043 ascendentes
1306 979 1348 1042 ad
1364 998 1436 1041 ver·

282 1089 383 1152 tieem
400 1088 496 1152 Picus
511 1087 553 1149 de
571 1085 739 1167 Tenariph
756 1106 795 1148 eo
810 1086 936 1148 vadunt
957 1091 1057 1147 noctu
1079 1092 1113 1146 et
1131 1102 1197 1146 non
1215 1081 1378 1161 interdiu,
1401 1091 1436 1146 et

280 1192 380 1275 paulo
401 1198 478 1275 post
498 1197 607 1254 ortum
628 1188 707 1252 solis
727 1197 903 1252 monentur
923 1196 957 1250 et
975 1187 1163 1251 excitantur
1177 1208 1197 1250 a
1213 1186 1351 1250 ducibus
1369 1187 1436 1250 suis

281 1307 318 1361 ut
333 1296 490 1361 festinent
505 1292 713 1372 descendere,
729 1302 865 1375 propter
879 1290 1060 1374 periculum
1073 1288 1124 1374 (ut
1138 1288 1314 1375 videtur)a
1329 1291 1436 1354 tenui·

280 1408 350 1464 tate
365 1400 457 1476 aeris
475 1419 517 1461 ne
532 1395 639 1460 solvat
656 1395 790 1478 spiritus
806 1404 840 1459 et
856 1395 1003 1459 suffocet.

305 1517 425 1570 neumae
499 1499 653 1564 Reflexio
677 1501 844 1563 radiorum
867 1499 953 1579 solis,
977 1499 1010 1561 in
1035 1496 1222 1582 regionibus
1248 1517 1352 1580 prope
1376 1497 1436 1561 cir-

282 1605 372 1669 culos
384 1604 522 1687 polares,
537 1603 719 1668 admodum
735 1603 851 1667 debilis
867 1612 900 1667 et
916 1602 1068 1667 inefficax
1087 1602 1250 1665 invenitur
1261 1602 1294 1664 in
1307 1601 1434 1664 calore:

279 1709 364 1773 adeo
392 1719 429 1773 ut
460 1709 591 1790 Belgae,
620 1708 677 1790 qui
703 1706 930 1790 hybernarunt
956 1707 989 1770 in
1021 1707 1118 1771 Nova
1148 1706 1328 1786 Zemblall,
1360 1727 1435 1771 cum

280 1821 496 1895 expectarent
526 1811 618 1874 navis
648 1831 727 1875 suae
757 1811 986 1876 liberationem
1016 1821 1049 1876 et
1080 1811 1384 1876 deobstructionem
1415 1831 1436 1873 a

279 1917 408 1998 glaciali
431 1914 518 1979 mole
533 1912 634 1999 (quae
655 1934 728 1978 eam
747 1913 937 2001 obsederat)
952 1936 1011 1998 per
1033 1915 1127 1979 initia
1144 1915 1266 1978 mensis
1280 1914 1360 1996 Julii
1376 1933 1436 1996 spe

279 2040 339 2083 sua
362 2018 507 2083 frustrati
534 2021 608 2098 sint,
635 2027 669 2083 et
693 2019 799 2083 coacti
825 2019 968 2102 scaphae
992 2040 1028 2083 se
1055 2020 1270 2084 committere
1317 2019 1436 2102 Itaque

279 2123 361 2187 radii
385 2123 462 2187 solis
485 2122 600 2187 directi
623 2122 777 2187 videntur
798 2143 915 2206 parum
939 2144 1044 2206 posse,
1070 2124 1171 2187 etiam
1194 2143 1293 2206 super
1314 2131 1435 2187 terram

279 2228 433 2309 planam;
469 2246 528 2291 nec
555 2225 669 2290 reflexi
696 2227 806 2307 etiam,
838 2228 899 2290 nisi
926 2227 1188 2310 multiplicentur
1214 2236 1247 2292 et
1273 2229 1435 2303 uniantur,

315 2419 337 2450 77
357 2421 368 2473 l
390 2420 458 2474 have
477 2427 527 2474 not
545 2422 616 2475 been
636 2421 696 2476 able
715 2427 746 2476 to
765 2429 842 2476 trace
863 2422 917 2475 this
937 2422 1052 2476 allusion
1071 2427 1102 2475 to
1125 2439 1179 2492 any
1197 2423 1317 2476 classical
1332 2423 1436 2477 writer.

282 2504 346 2558 The
365 2511 449 2575 story,
462 2505 598 2572 however,
614 2522 711 2559 occurs
729 2506 757 2558 in
773 2506 934 2575 Augustine,
951 2505 995 2560 De
1013 2505 1115 2560 Genesi
1134 2513 1231 2559 contra
1248 2505 1436 2573 Manichaeos,

281 2588 328 2642 lib.
346 2588 363 2642 i.
383 2605 443 2657 cap.
462 2606 502 2654 15.
540 2589 634 2643 Bacon
654 2595 734 2643 notes
753 2590 775 2642 it
796 2589 852 2642 also
872 2590 899 2642 in
916 2589 964 2643 the
985 2589 1135 2656 Fragment
1156 2589 1271 2644 entitled
1290 2590 1389 2643 ‘Calor
1407 2593 1436 2642 et

281 2672 393 2740 Frigus’
407 2672 453 2743 (E.
466 2673 520 2726 and
533 2675 569 2741 S.,
581 2673 634 2728 vol.
647 2673 685 2729 iii.
696 2690 723 2743 p.
737 2673 811 2743 645).

419 2753 441 2787 77
476 2753 511 2808 ‘H
530 2757 577 2826 μὲν
595 2755 634 2826 ἀρ’
654 2757 688 2813 δι
706 2756 806 2812 εἰποῡσ’
825 2755 904 2827 ἀνέβη
922 2759 1070 2829 γλαυκῶπις
1087 2754 1181 2828 Ἀθήνη

474 2838 647 2910 Οὔλυμπόνδ’,
666 2838 708 2894 ὅθι
726 2841 796 2910 φασὶ
814 2840 880 2895 θεῶν
898 2840 956 2897 ἔδοι
973 2841 1096 2912 ἀσφαλές
1112 2841 1161 2896 uiri

474 2923 587 2992 ἔμμεναι·
607 2922 659 2977 οὔτ’
678 2921 795 2992 ἀνέμοισι
814 2926 967 2979 τινάσσεται
984 2928 1043 2978 οὕτε
1060 2924 1118 2979 ποτ’
1137 2923 1228 2998 ὄμβρῳ

474 3005 574 3061 δεύεται
592 3009 650 3060 οὔτε
668 3009 732 3077 χιὼν
751 3007 923 3071 ε’πιπιλναται,
942 3007 1013 3062 ἀλλά
1031 3005 1093 3077 μάλ’
1111 3007 1187 3078 αἴθρη

472 3089 599 3144 πέπταται
617 3089 752 3160 ἀνέφελος,
770 3090 849 3159 λευκὴ
868 3089 891 3145 δ’
909 3090 1078 3161 ἐπιδέδρομεν
1095 3089 1183 3164 αἴγλη·

473 3175 509 3243 τῷ
528 3173 566 3227 ἔνι
583 3173 719 3244 τέρπονται
737 3174 849 3245 μάκαρες
867 3174 921 3229 θεολ
940 3177 1023 3245 ἤματα
1040 3175 1132 3230 πάντα.

1019 3259 1137 3324 Homer,
1157 3257 1209 3314 Od.
1228 3259 1264 3314 vi.
1285 3263 1363 3325 41-6.

316 3338 379 3392 The
397 3339 509 3393 student
520 3340 574 3393 will
590 3340 626 3395 do
638 3340 699 3394 well
716 3348 746 3396 to
763 3342 829 3395 read
849 3341 905 3396 Mr.
919 3342 1039 3414 Merry's
1057 3343 1218 3397 instructive
1230 3348 1296 3396 note
1308 3359 1345 3398 on
1357 3345 1436 3399 these

279 3421 354 3474 lines.
393 3422 439 3474 He
452 3429 552 3492 quotes
564 3424 668 3477 several
680 3424 791 3492 parallel
803 3441 936 3494 passages.

314 3502 335 3534 77
354 3507 405 3559 See
436 3505 483 3560 the
515 3506 691 3560 Aristotelian
721 3522 754 3560 or
780 3508 1077 3577 pseudo-Aristotelian
1099 3508 1285 3577 Problemata,
1307 3509 1377 3564 xxvi.
1402 3513 1434 3575 36

279 3587 317 3657 (p.
331 3605 381 3653 944
395 3587 423 3642 b.
439 3587 546 3657 12-16),
559 3588 660 3656 where,
680 3589 816 3657 however,
835 3590 884 3643 the
902 3591 1003 3644 author
1019 3591 1142 3660 specifies
1160 3593 1249 3645 Athos
1266 3593 1321 3646 and
1336 3591 1436 3647 ‘other

277 3671 344 3724 such
367 3673 541 3726 mountains.'
579 3672 749 3742 Pomponius
768 3673 844 3728 Mela
865 3674 922 3746 (lib.
935 3676 962 3730 ii.
981 3691 1041 3743 cap.
1056 3673 1083 3743 ι)
1103 3675 1189 3729 refers
1210 3676 1267 3729 also
1288 3680 1319 3728 to
1338 3675 1435 3730 Athos.

278 3755 386 3808 Solinus
399 3755 537 3809 describes
552 3755 601 3809 the
614 3756 808 3824 phenomenon
821 3773 850 3811 as
862 3757 957 3825 taking
969 3759 1045 3826 place
1057 3758 1126 3811 both
1140 3775 1176 3811 on
1192 3760 1325 3827 Olympus
1339 3759 1434 3828 (Poly-

276 3837 371 3904 bistor,
385 3853 444 3906 cap.
457 3837 496 3906 ix)
510 3839 564 3892 and
576 3855 612 3893 on
626 3840 713 3894 Athos
727 3839 798 3910 (cap.
812 3841 859 3912 xi).
897 3841 954 3895 Mr.
968 3841 1033 3894 Ellis
1046 3841 1115 3895 cites
1128 3841 1261 3895 Geminus
1274 3842 1328 3896 and
1341 3841 1434 3896 Philo·

276 3937 372 3988 ponus,
385 3921 434 3974 the
451 3921 557 3976 former
572 3921 605 3976 of
613 3923 705 3977 whom
722 3925 818 3993 speaks
834 3923 867 3978 of
882 3925 985 3978 Mount
1000 3925 1114 3994 Cyllene
1132 3927 1160 3977 in
1177 3925 1303 3993 Arcadia,
1316 3925 1369 3979 and
1385 3925 1434 3978 the

276 4003 360 4057 latter
372 4003 405 4058 of
415 4004 556 4074 Olympus.
593 4008 745 4074 Augustine
757 4009 819 4062 tells
831 4009 879 4062 the
892 4015 976 4077 story,
989 4015 1019 4062 at
1030 4008 1098 4062 least
1109 4009 1201 4074 twice,
1215 4008 1248 4061 of
1258 4010 1399 4078 Olympus.

312 4087 355 4139 All
374 4087 452 4141 these
470 4090 569 4142 stories
587 4107 634 4144 are
652 4090 711 4144 told
730 4091 762 4144 of
776 4091 845 4146 both
859 4092 992 4161 Olympus
1011 4092 1063 4146 and
1078 4091 1165 4145 Athos
1184 4093 1212 4144 in
1227 4091 1435 4146 Maundeville's

277 4169 392 4223 Travels
412 4171 475 4241 (Ed.
496 4173 640 4242 Halliwell,
657 4190 685 4244 p.
701 4172 756 4243 17),
772 4175 878 4244 quoted
897 4175 934 4246 by
950 4175 1006 4229 Mr.
1020 4175 1115 4230 Tozer
1133 4175 1161 4228 in
1180 4174 1221 4229 bis
1234 4175 1386 4243 Highlands
1404 4173 1436 4228 of

278 4252 403 4322 Turkey,
417 4255 470 4309 vol.
483 4255 500 4308 i.
514 4272 540 4324 p.
558 4273 616 4310 τοι.

312 4336 334 4368 77
355 4338 500 4406 Referring
513 4345 543 4393 to
557 4339 700 4395 Barentz's
713 4342 880 4411 Expedition
894 4341 920 4396 in
933 4341 1030 4396 search
1043 4342 1075 4397 of
1089 4359 1104 4396 a
1121 4341 1295 4396 North-East
1309 4341 1433 4409 Passage.

276 4419 340 4473 The
360 4427 442 4474 event
460 4421 569 4477 alluded
586 4431 617 4478 to
634 4423 703 4480 took
722 4426 799 4494 place
819 4428 846 4480 in
859 4426 940 4495 June,
957 4441 1034 4493 1597.
1071 4426 1127 4480 Mr.
1143 4426 1281 4494 Spedding
1298 4425 1385 4479 refers
1402 4431 1433 4480 to

276 4501 387 4556 ‘Three
400 4504 525 4574 Voyages
537 4506 574 4577 by
586 4507 634 4562 the
647 4508 839 4579 Nortb·East,’
851 4511 910 4579 δια,
925 4511 1067 4581 Hackluyt
1080 4510 1199 4580 Society,
1216 4515 1245 4563 18
1250 4527 1264 4576 5
1269 4527 1292 4577 3,
1305 4525 1331 4578 p.
1349 4525 1407 4576 191.
