3368 5098
321 424 386 505 264
700 429 857 487 novun
877 429 1095 486 orrannum

320 596 540 662 dissensiones
564 605 598 661 et
624 595 820 678 dogmatum
854 593 1059 657 diversitates
1086 590 1170 656 circa
1203 591 1362 675 principia
1392 585 1473 674 ipsa,

321 711 354 765 et
377 699 602 784 philosophias
625 700 776 780 integrm,
796 707 832 761 ut
856 697 1034 780 plurimum
1058 697 1228 760 extinctae
1250 691 1336 774 sint;
1360 705 1472 759 tamen

321 806 406 870 circa
433 815 544 888 partes
569 803 797 887 philosophiae
827 801 1017 864 innumerae
1042 809 1178 863 manent
1204 799 1415 882 quaestiones
1439 809 1473 862 et

274 961 277 966 .
321 909 580 985 controversiae;
604 916 639 970 ut
661 906 759 988 plane
782 912 948 987 appareat,
964 924 1072 985 neque
1093 903 1126 965 in
1144 902 1361 985 philosophiis
1384 903 1472 984 ipsis,

322 1033 429 1094 neque
445 1013 478 1074 in
495 1011 602 1074 modis
618 1009 936 1073 demonstrationum
952 1006 1076 1090 aliquid
1092 1007 1173 1070 certi
1188 1016 1245 1070 aut
1261 1007 1331 1070 sani
1347 1025 1427 1069 esse.

808 1185 987 1252 LXXVII.

366 1309 466 1390 Quod
496 1331 574 1374 vero
614 1318 733 1393 putant
768 1308 928 1383 homines,
959 1310 992 1371 in
1028 1307 1239 1392 philosophia
1282 1306 1474 1371 Aristotelis

323 1435 479 1499 magnum
509 1416 622 1498 utique
653 1432 849 1478 consensum
879 1433 972 1490 esse;
1010 1433 1085 1476 cum
1116 1423 1192 1496 post
1223 1413 1313 1477 illam
1348 1414 1473 1475 editam

322 1523 533 1603 antiquorum
551 1518 778 1602 philosophiae
795 1517 992 1581 cessaverint
1013 1527 1047 1581 et
1067 1518 1271 1582 exoleverint
1286 1543 1293 1596 ;
1317 1526 1368 1580 ast
1384 1518 1473 1599 apud

322 1635 481 1705 tempora,
499 1643 584 1705 quae
599 1630 739 1704 sequuta
754 1631 839 1699 sunt,
856 1620 901 1683 nil
923 1621 1038 1684 melius
1059 1622 1228 1685 inventum
1249 1621 1365 1698 fuerit3
1388 1622 1474 1684 adeo

323 1735 359 1789 ut
383 1726 440 1789 illa
467 1736 536 1790 tarn
562 1725 647 1787 bene
677 1725 785 1806 posita
812 1733 844 1787 et
875 1723 1012 1787 fundata
1045 1726 1204 1804 videatur,
1231 1734 1267 1788 ut
1297 1735 1474 1806 utrumque

322 1839 456 1912 tempus
474 1831 517 1892 ad
535 1849 570 1892 se
586 1829 746 1891 traxerit:
771 1827 886 1908 prim0‚
902 1829 991 1909 quod
1008 1830 1051 1892 de
1066 1830 1247 1893 cessatione
1262 1829 1471 1910 antiquarum

322 1932 605 2015 philosophiamm
622 1938 696 2012 post
715 1928 906 1992 Aristotelis
927 1951 1028 2012 opera
1045 1933 1134 1995 edita
1151 1931 1302 1996 homines
1318 1932 1473 2014 cogitant,

322 2037 356 2100 id
380 2036 498 2100 falsum
522 2043 593 2113 est;
615 2034 671 2097 diu
688 2034 776 2096 enim
799 2043 922 2116 postea,
939 2056 1043 2118 usque
1065 2037 1108 2100 ad
1131 2047 1283 2120 tempora
1306 2037 1473 2101 Ciceronis

324 2150 357 2204 et
374 2140 484 2204 secula
499 2139 679 2221 sequentia,
694 2147 883 2202 manserunt
899 2160 998 2222 opera
1010 2151 1158 2205 veterum
1173 2141 1472 2225 philosophorum⁶.

324 2243 392 2308 Sed
408 2244 613 2326 temporibus
633 2243 889 2324 insequentibus,
905 2265 949 2307 ex
972 2245 1187 2311 inundatione
1207 2247 1424 2311 Barbarorum
1440 2247 1474 2309 in

323 2349 497 2431 imperium
523 2349 720 2425 Romanum,
743 2357 921 2429 postquam
944 2349 1095 2414 doctrina
1117 2352 1262 2416 humana
1280 2351 1371 2415 velut
1395 2371 1474 2414 nau-

323 2451 463 2536 fragium
483 2471 639 2535 perpessa
659 2460 767 2529 esset;
790 2459 861 2514 tum
886 2452 1021 2515 demum
1037 2454 1266 2538 philosophiae
1284 2454 1474 2518 Aristotelis

323 2567 357 2621 et
382 2557 537 2634 Platonis,
562 2564 722 2637 tanquam
750 2554 882 2618 tabulae
907 2577 951 2618 ex
982 2560 1119 2623 materia
1152 2560 1272 2623 leviore
1302 2569 1335 2623 et
1366 2560 1474 2622 minus

323 2660 437 2739 solida,
457 2658 651 2742 perductus
673 2667 860 2740 temporum
881 2670 1029 2724 servatae
1051 2674 1128 2727 sunt
1138 2665 1159 2729 ⁶.
1206 2663 1293 2728 Illud
1313 2665 1412 2727 etiam
1432 2664 1475 2728 de

322 2784 483 2829 consensu
508 2763 591 2827 fallit
614 2762 775 2841 homines,
796 2763 822 2826 si
845 2765 972 2827 acutius
995 2785 1063 2829 rem
1088 2767 1324 2852 introspiciant.
1368 2767 1475 2832 Verus

322 2870 410 2931 enim
435 2888 613 2932 consensus
637 2867 665 2930 is
690 2876 751 2942 est,
777 2868 833 2950 qui
857 2888 900 2930 ex
924 2867 1076 2934 libertate
1093 2871 1208 2954 judicii
1231 2870 1280 2958 (re
1303 2873 1392 2955 prius
1414 2892 1474 2935 ex·

322 2969 466 3054 plorata)
490 2971 523 3033 in
547 2972 635 3034 idem
659 2970 874 3032 conveniente
896 2973 1045 3036 consistit
1057 2972 1078 3040 ⁷.
1124 2976 1175 3040 At
1197 2996 1350 3040 numerus
1376 2974 1475 3057 longe

324 3076 491 3138 maximus
507 3095 628 3154 eorum,
644 3074 700 3157 qui
716 3074 749 3136 in
765 3072 955 3140 Aristotelis
971 3078 1214 3162 philosophiam
1231 3091 1474 3157 consenserunt,

323 3197 367 3239 ex
393 3177 592 3259 praejudicio
617 3185 650 3239 et
675 3175 875 3241 authoritate
901 3178 1038 3242 aliorum
1065 3203 1100 3246 se
1122 3183 1168 3246 illi
1196 3184 1413 3267 mancipavit:
1438 3192 1475 3246 ut

357 3375 369 3409 ⁶
389 3379 459 3432 Tbis
478 3379 500 3431 is
520 3378 613 3432 shewn
634 3383 684 3431 not
705 3379 768 3448 only
787 3379 823 3448 by
841 3381 889 3434 the
911 3383 1039 3436 citations
1057 3385 1084 3438 in
1104 3388 1212 3455 Cicero,
1231 3389 1282 3442 but
1299 3389 1356 3441 also
1374 3387 1410 3455 by
1426 3386 1475 3439 the

324 3462 402 3516 work
424 3462 457 3516 of
477 3463 617 3528 Diogenes
638 3463 771 3530 Laertius,
793 3464 890 3530 which,
911 3466 1015 3535 though
1033 3468 1066 3522 of
1082 3473 1223 3525 uncertain
1243 3473 1314 3538 date,
1338 3473 1359 3524 is
1380 3469 1475 3539 placed

323 3547 361 3616 by
384 3561 461 3600 some
480 3545 640 3599 authorities
665 3562 694 3599 as
718 3547 772 3600 late
790 3565 819 3601 as
837 3547 885 3602 the
903 3551 971 3604 time
996 3550 1028 3604 of
1044 3553 1224 3609 Constantine
1252 3556 1301 3609 the
1326 3556 1422 3621 Great,
1446 3569 1476 3606 as

322 3631 384 3685 well
403 3647 433 3684 as
451 3630 488 3700 by
508 3630 556 3683 the
576 3629 732 3684 references
745 3632 772 3685 in
785 3633 833 3686 the
847 3633 983 3688 Christian
998 3635 1113 3690 Fathers
1125 3637 1158 3691 of
1167 3639 1214 3692 the
1227 3639 1301 3692 third
1314 3639 1368 3692 and
1380 3638 1475 3692 fourth

322 3715 469 3769 centuries.

358 3796 369 3829 ⁶
388 3800 438 3852 See
452 3803 517 3851 note
531 3801 562 3861 87
577 3813 614 3851 on
629 3796 697 3866 Aph.
712 3811 754 3861 71.

357 3879 368 3911 ⁷
388 3881 482 3936 There
496 3897 542 3934 are
555 3881 637 3950 really
649 3882 729 3936 three
742 3883 897 3938 conditions
911 3885 943 3939 of
952 3887 1048 3940 ‘verus
1060 3889 1224 3957 consensus,’
1237 3890 1270 3944 of
1278 3889 1368 3944 which
1381 3890 1475 3944 Eacon

321 3971 497 4019 enumerates
509 3965 573 4034 only
584 3965 633 4018 tbe
645 3969 703 4018 two
716 3966 775 4031 last,
788 3968 883 4036 taking
895 3970 1028 4041 probably
1040 3972 1088 4025 the
1101 3973 1160 4027 first
1171 3973 1216 4028 for
1227 3975 1360 4042 granted:

358 4047 399 4119 (1)
421 4047 484 4101 The
493 4047 592 4116 judges
604 4055 677 4102 must
690 4047 725 4101 be
738 4057 913 4119 competent;

358 4129 398 4200 (2)
419 4131 482 4184 The
495 4137 598 4184 matter
610 4132 637 4184 in
647 4133 775 4200 question
789 4140 862 4187 must
874 4135 942 4190 bave
954 4133 1025 4190 been
1039 4137 1205 4211 thoroughly
1214 4140 1368 4208 examined‚
1377 4138 1474 4195 before

318 4209 464 4280 judgrnent
478 4215 498 4267 is
510 4215 705 4282 pronounced3

359 4294 399 4366 (3)
420 4297 483 4350 The
496 4305 610 4351 consent
623 4305 694 4352 must
707 4299 743 4352 be
755 4297 822 4367 free,
839 4302 900 4355 that
916 4303 938 4355 is
955 4309 985 4356 to
1002 4320 1057 4374 say,
1070 4305 1118 4360 the
1130 4303 1230 4374 judges
1249 4313 1321 4361 must
1335 4313 1385 4362 not
1402 4307 1470 4362 have

320 4379 392 4432 been
406 4380 558 4434 intluenced
569 4381 607 4451 by
619 4383 686 4436 each
699 4383 787 4437 other.

358 4464 401 4514 On
425 4463 473 4516 tbe
492 4465 574 4517 abuse
595 4465 649 4518 and
669 4467 752 4520 limits
770 4466 803 4520 of
825 4467 872 4522 the
890 4475 1048 4536 arguments
1065 4470 1137 4526 from
1156 4472 1304 4544 Authority
1322 4474 1376 4528 and
1392 4473 1466 4528 from

321 4543 463 4598 Universal
477 4546 609 4616 Consent,
621 4564 668 4603 see
681 4566 727 4620 my
742 4551 884 4606 Inductive
897 4553 994 4622 Logic,
1007 4555 1055 4619 3rd
1067 4556 1120 4622 ed,
1133 4573 1176 4626 pp.
1192 4563 1322 4624 aus-293.
