3324 5110
306 404 369 474 282
686 415 843 473 NOVUM
863 416 1082 474 ORGANUM.

307 578 515 662 phantastici,
537 583 593 668 qui
616 583 736 667 partim
763 605 808 647 ex
830 581 1033 660 credulitate,
1055 580 1177 664 partim
1200 601 1244 644 ex
1267 579 1460 664 impostura,

306 703 412 765 genus
435 686 616 752 humanum
639 687 807 770 promissis
831 695 1027 750 onerarunt:
1050 687 1139 750 vitae
1163 685 1460 769 prolongationem,

307 792 486 854 senectutis
519 791 784 868 retardationem,
822 790 974 853 dolorum
1012 789 1222 865 levationem,
1260 789 1460 852 naturalium

307 890 495 957 defectuum
533 895 785 977 reparationem,
822 912 978 955 sensuum
1019 892 1240 975 deceptiones,
1279 893 1460 957 affectuum

307 993 483 1076 ligationes
510 1007 543 1062 et
573 999 790 1075 incitationes,
816 994 1087 1059 intellectualium
1114 996 1310 1060 facultatum
1342 996 1461 1060 illumi-

309 1100 459 1163 nationes
486 1111 521 1166 et
546 1101 776 1177 exaltationes,
808 1099 1066 1162 substantiarum
1093 1102 1394 1176 transmutationes,
1427 1108 1462 1164 et

310 1211 461 1266 motuum
490 1205 533 1267 ad
564 1205 694 1268 libitum
725 1201 952 1265 roborationes
983 1210 1017 1264 et
1049 1202 1348 1284 multiplicationes,
1377 1203 1462 1266 aeris

309 1305 540 1387 impressiones
562 1318 596 1372 et
616 1307 836 1382 alterationes,
856 1305 1048 1370 coelestium
1071 1305 1315 1370 influentiarum
1338 1307 1461 1370 deduc·

310 1409 417 1472 tiones
439 1419 473 1474 et
496 1411 751 1493 procurationes
774 1427 881 1470 rerum
903 1406 1086 1470 futurarum
1109 1408 1335 1485 divinationes,
1355 1428 1461 1471 remo-

309 1520 418 1574 tarum
438 1514 763 1596 repraesentationes,
778 1511 980 1574 occultarum
998 1511 1222 1590 revelationes
1239 1521 1272 1576 et
1290 1513 1354 1575 alia
1372 1530 1462 1574 com·

310 1615 404 1696 plura
420 1616 635 1698 pollicitando
654 1626 687 1680 et
705 1615 913 1679 ostentando.
959 1613 1084 1678 Verum
1102 1615 1145 1678 de
1164 1616 1233 1679 istis
1252 1615 1462 1698 largitoribus

310 1739 377 1782 non
400 1719 540 1784 multum
563 1720 770 1797 aberraverit,
791 1719 847 1800 qui
868 1717 1053 1781 istiusmodi
1069 1718 1230 1800 judicium
1251 1718 1373 1796 fecerit,
1388 1727 1462 1782 tan-

308 1828 380 1882 tum
396 1820 550 1882 nimirum
564 1820 597 1882 in
609 1818 768 1882 doctrinis
780 1815 1009 1899 philosophiae
1021 1818 1107 1881 inter
1120 1818 1238 1882 horum
1250 1819 1413 1882 vanitates
1429 1825 1463 1880 et

308 1943 402 1986 veras
423 1933 510 1987 artes
531 1924 698 2000 interesse,
719 1930 881 2005 quantum
904 1922 988 1984 inter
1008 1941 1059 1986 res
1079 1931 1191 2005 gestas
1209 1923 1286 2004 Julii
1304 1921 1463 2000 Caesaris,

308 2035 367 2089 aut
396 2026 586 2090 Alexandri
612 2025 736 2107 Magni,
763 2034 796 2088 er
825 2044 876 2087 res
899 2034 1010 2106 gestas
1040 2025 1208 2090 Amadicii
1236 2047 1280 2090 ex
1311 2023 1461 2099 Gallia⁴⁷,

308 2138 367 2193 aut
389 2130 528 2194 Arthuri
553 2152 598 2194 ex
623 2129 802 2206 Britannia,
825 2128 858 2192 ln
882 2128 1038 2192 historiae
1060 2130 1300 2193 narrationibus
1325 2129 1461 2192 intersit.

310 2233 526 2296 Inveniuntur
556 2233 644 2296 enIm
675 2232 843 2296 clarissimi
874 2233 919 2295 illi
949 2232 1163 2316 Imperatores
1193 2253 1303 2296 revera
1337 2232 1463 2314 majora

309 2337 460 2417 gessisse,
475 2357 576 2418 quam
593 2335 786 2400 umbratiles
804 2336 858 2399 isti
877 2334 992 2399 heroes
1015 2337 1115 2400 etiam
1138 2336 1252 2400 fecIsse
1276 2335 1462 2419 fingantur;

310 2440 368 2503 sed
391 2441 497 2504 modis
518 2450 551 2504 et
570 2441 631 2504 viis
649 2440 772 2504 scilicet
791 2440 956 2504 actionum
976 2441 1111 2502 minime
1126 2439 1282 2504 fabulosis
1302 2449 1335 2504 et
1353 2438 1464 2521 prodi-

308 2544 418 2626 giosis.
464 2545 584 2628 Neque
607 2553 781 2627 propterea
803 2564 947 2625 aequum
971 2553 1022 2608 est
1043 2565 1140 2608 verae
1163 2545 1342 2608 memoriae
1363 2542 1463 2607 fidem

311 2649 469 2731 derogari,
493 2648 582 2731 quod
605 2669 625 2711 a
647 2647 767 2711 fabulis
787 2647 843 2710 illa
866 2647 1066 2731 quandoque
1089 2647 1176 2711 laesa
1203 2649 1244 2712 sit
1271 2658 1306 2713 et
1330 2647 1464 2712 violata.

313 2750 381 2816 Sed
413 2753 543 2816 interim
574 2751 709 2815 minime
745 2752 863 2814 mirum
904 2760 962 2829 est,
992 2753 1018 2815 si
1056 2753 1333 2834 propositionibus
1371 2751 1465 2815 novIs

311 2853 518 2940 (praesertIm
539 2876 614 2920 cum
635 2857 801 2918 mentione
816 2851 969 2940 operum)
988 2875 1145 2938 magnum
1164 2857 1206 2920 sit
1225 2855 1349 2919 facturn
1371 2875 1464 2938 prae-

307 2960 470 3042 judicium
494 2980 553 3042 per
576 2960 657 3022 istos
679 2959 885 3041 impostores,
907 2959 963 3041 qui
986 2960 1105 3023 similia
1126 2968 1358 3037 tentaverunt3
1388 2977 1464 3022 cum

308 3063 463 3126 vanitatis
479 3083 634 3126 excessus
649 3072 682 3125 et
696 3062 866 3125 fastidium
883 3064 983 3126 etiarn
999 3084 1085 3128 nunc
1104 3085 1238 3127 omnem
1254 3064 1286 3126 in
1303 3062 1465 3146 ejusmodi

311 3166 484 3229 conatibus
500 3167 806 3248 magnanimitatem
822 3167 1032 3233 destruxerit.

772 3352 1007 3420 LXXXVIII.

355 3480 406 3545 At
436 3480 534 3565 longe
563 3480 686 3562 majora
715 3503 736 3546 a
772 3482 1052 3564 pusillanimitate,
1087 3493 1121 3548 et
1157 3503 1343 3566 pensorum,
1381 3501 1467 3565 quae

312 3586 459 3650 humana
485 3586 645 3650 industria
669 3585 731 3649 sibi
759 3587 939 3669 proposuit,
968 3587 1130 3669 parvitate
1154 3597 1188 3652 et
1214 3589 1385 3664 tenuitate,
1409 3587 1467 3650 de·

312 3691 468 3754 trimenta
483 3691 516 3753 in
531 3689 684 3754 scientias
702 3690 831 3754 invecta
846 3700 930 3754 sunt.
976 3691 1022 3755 Et
1038 3701 1150 3755 tamen
1166 3687 1269 3776 (quod
1285 3678 1466 3774 pessimum

313 3791 376 3880 est)
406 3793 661 3876 pusillanimitas
691 3793 754 3858 ista
784 3813 850 3857 non
883 3795 955 3857 sine
986 3797 1173 3879 arrogantia
1206 3805 1240 3860 et
1269 3794 1402 3859 fastidio
1431 3813 1467 3856 se

311 3899 417 3962 offert.

312 4097 366 4152 and
390 4097 438 4150 the
463 4096 609 4162 Chemists,
629 4111 674 4148 see
699 4095 848 4163 Temporis
873 4095 971 4147 Partus
998 4095 1146 4162 Masculus,
1169 4095 1202 4148 E.
1222 4095 1277 4149 and
1298 4097 1333 4160 S,
1355 4094 1408 4147 vol.
1430 4093 1468 4148 iit.

313 4199 341 4252 p.
354 4198 414 4246 531,
427 4180 477 4233 &c
515 4181 579 4233 The
597 4195 708 4248 passage
726 4179 822 4245 begins
839 4178 917 4232 thus:
944 4177 1021 4232 ‘Nec
1039 4195 1095 4232 non
1113 4194 1180 4246 cape
1199 4179 1317 4232 comites
1337 4175 1468 4246 perfunc-

313 4265 413 4317 toriam
423 4261 760 4316 Neotericommturbam.
781 4262 860 4313 Heus
868 4260 1066 4326 nomenclator,
1076 4277 1198 4328 suggere.
1218 4261 1303 4330 Atqui
1311 4259 1469 4328 respondet,

315 4364 351 4401 ne
363 4347 459 4413 dignos
471 4363 529 4400 esse
542 4362 660 4415 quorum
674 4345 784 4398 nomina
796 4344 908 4397 teneat!
944 4343 1008 4396 The
1025 4344 1128 4412 quacls
1143 4344 1175 4397 of
1192 4345 1308 4398 Bacon's
1324 4342 1378 4412 day
1394 4358 1469 4396 were

315 4429 453 4498 generally
466 4435 496 4482 to
509 4430 544 4482 be
556 4428 642 4483 found
654 4435 778 4494 amongst
791 4427 839 4481 the
852 4425 1003 4495 professors
1014 4427 1047 4480 of
1057 4427 1189 4496 Alchemy
1202 4426 1256 4480 and
1270 4427 1372 4496 MagIc.

348 4510 370 4543 ⁴⁷
389 4513 440 4567 See
454 4513 587 4568 Hallam's
599 4513 756 4566 Literature
769 4510 802 4564 of
812 4511 930 4582 Europe,
943 4517 1005 4579 part
1016 4512 1034 4564 i.
1048 4511 1091 4566 cb.
1105 4531 1130 4578 4.
1144 4514 1158 4582 ς
1174 4527 1218 4576 70.
