3306 5102
622 468 703 526 rra.
727 469 769 524 rr.
794 475 846 546 35·
1249 482 1314 548 449

160 649 343 713 corporum.
389 630 495 694 Recte
510 631 597 695 enim
616 635 754 700 asseruit
776 632 1012 700 Aristoteles4⁷
1036 653 1170 697 causam
1195 634 1314 716 princi-

159 735 268 817 palem
284 737 535 818 generationum
552 746 584 800 et
600 739 857 821 corruptionum,
873 761 958 823 quae
975 740 1057 803 fiunt
1072 737 1125 802 hic
1141 739 1232 820 apud
1254 759 1314 804 nos

161 839 195 901 in
209 839 381 921 superficie
397 848 513 919 terrae,
529 861 601 904 esse
616 843 704 906 viam
721 844 891 927 obliquam
908 844 986 907 solis
1005 863 1065 926 per
1082 843 1255 910 zodiacum
1265 841 1313 924 ⁴⁸3

163 946 249 1008 unde
282 945 372 1008 calor
401 943 488 1021 solis,
518 945 638 1026 partim
668 967 728 1028 per
759 949 999 1011 vicissitudines
1034 947 1099 1010 diei
1132 955 1166 1010 et
1199 948 1314 1026 noctis,

162 1051 282 1130 partim
299 1070 359 1131 per
374 1049 595 1113 successiones
609 1051 744 1114 aestatis
761 1062 794 1115 et
810 1051 948 1133 hyemis¹
964 1053 1075 1116 evadit
1094 1052 1185 1114 miris
1206 1053 1315 1120 modis

163 1153 352 1236 inaequalis.
397 1154 517 1234 Neque
538 1162 651 1216 tamen
667 1154 788 1219 desinit
804 1156 859 1218 ille
873 1157 922 1219 vir
937 1157 970 1220 id
991 1157 1081 1239 quod
1101 1157 1144 1219 ab
1166 1177 1205 1219 eo
1226 1166 1315 1222 recte

164 1256 334 1320 inventum
364 1257 425 1321 suit
457 1257 569 1320 statim
599 1277 808 1341 corrumpere
838 1267 871 1323 et
905 1260 1093 1342 depravare.
1154 1261 1244 1325 Nam
1278 1271 1315 1326 ut

164 1362 287 1425 arbiter
307 1361 431 1426 scilicet
454 1370 590 1424 naturae
614 1357 718 1445 (quod
741 1361 787 1424 illi
810 1363 843 1425 in
867 1383 958 1427 more
981 1361 1045 1449 est)
1073 1363 1171 1428 valde
1194 1367 1314 1448 magis-

163 1465 290 1530 traliter
314 1466 460 1546 assignat
490 1484 624 1528 causam
653 1466 874 1546 generationis
903 1468 1048 1531 accessui
1071 1468 1157 1544 solis,
1182 1488 1315 1532 causam

163 1579 275 1634 autem
292 1569 509 1650 corruptionis
526 1568 685 1647 recessui;
709 1589 783 1632 cum
803 1580 942 1652 utraque
966 1592 1017 1634 res
1039 1569 1204 1655 (accessus
1225 1572 1316 1635 vide·

162 1673 239 1738 licet
255 1674 333 1737 solis
350 1682 382 1736 et
406 1669 566 1755 recessus)
590 1692 656 1735 non
679 1673 871 1754 respective,
886 1676 945 1738 sed
969 1677 1062 1756 quasi
1085 1675 1316 1752 indifferenter,

163 1778 321 1859 praebeat
337 1796 468 1841 causam
485 1784 554 1839 tam
571 1775 773 1856 generationi
795 1796 895 1858 quam
916 1779 1136 1861 corruptioni;
1167 1781 1315 1861 quando-

163 1883 298 1962 quidem
315 1879 531 1961 inaequalitas
551 1877 666 1941 caloris
689 1881 893 1960 generationi
917 1891 950 1945 et
973 1884 1174 1964 corruptioni
1196 1905 1314 1960 rerum,

164 1987 346 2066 aequalitas
377 1983 618 2049 conservationi
648 1991 780 2047 tantum
812 1986 984 2051 ministret.
1039 1987 1101 2050 Est
1132 1997 1166 2051 et
1196 1998 1315 2071 quarta

164 2090 347 2154 differentia
362 2090 446 2152 inter
460 2087 603 2152 calorem
615 2087 692 2149 solis
705 2095 738 2149 et
754 2088 847 2170 ignis,
861 2091 971 2172 magni
987 2112 1119 2173 prorsus
1135 2093 1313 2158 momenti:

163 2194 224 2257 viz.
249 2194 338 2277 quod
366 2194 415 2257 sol
440 2191 648 2275 operationes
675 2210 750 2253 suas
777 2192 919 2256 insinuet
945 2215 1005 2276 per
1030 2195 1129 2278 longa
1155 2200 1314 2281 temporis

162 2283 279 2380 spatia,
301 2299 358 2362 ubi
384 2296 592 2379 operationes
615 2294 700 2376 ignis
723 2290 874 2379 (urgente
897 2295 1068 2362 hominum
1093 2299 1314 2386 impatientia)

162 2424 220 2485 per
234 2403 382 2466 breviora
398 2398 569 2464 intervalla
584 2399 628 2462 ad
649 2397 776 2462 exitum
795 2401 1024 2481 perducantur.
1069 2403 1169 2486 Quod
1191 2407 1217 2467 si
1241 2405 1314 2487 quis

161 2508 195 2570 id
220 2506 337 2570 sedulo
364 2514 449 2588 agat,
477 2513 513 2567 ut
539 2502 681 2566 calorem
708 2502 792 2585 ignis
817 2514 1017 2586 attemperet
1044 2516 1077 2570 et
1109 2508 1243 2570 reducat
1269 2509 1312 2571 ad

160 2615 299 2695 gradum
316 2611 570 2675 moderatiorem
587 2616 620 2670 et
643 2607 800 2671 leniorem
823 2605 927 2693 (quod
951 2611 1063 2675 multis
1087 2614 1194 2676 modis
1217 2613 1314 2677 sacile

161 2717 222 2802 fit),
243 2718 362 2781 deinde
387 2716 486 2779 etiam
507 2714 675 2795 inspergat
695 2721 729 2776 et
751 2713 934 2777 admisceat
953 2715 1146 2780 nonnullam
1169 2716 1313 2782 humidi·

160 2831 274 2898 tatem,
284 2821 431 2884 maxime
443 2829 554 2882 autem
566 2819 593 2880 si
606 2818 752 2888 imitetur
768 2815 908 2880 calorem
926 2817 1003 2882 solis
1019 2820 1051 2881 in
1068 2820 1312 2902 inaequalitate,

161 2936 328 3008 postremo
344 2927 371 2988 si
388 2944 514 2988 moram
529 2923 693 3004 patienter
711 2920 829 2986 toleret
852 2918 933 3006 (non
956 2933 1043 2986 certe
1066 2945 1139 2987 eam
1163 2947 1248 3008 quae
1270 2927 1313 2992 sit

163 3031 410 3111 proportionata
426 3028 578 3111 operibus
594 3025 680 3104 solis,
697 3028 753 3087 sed
772 3025 943 3108 largiorem
960 3048 1060 3108 quam
1082 3029 1233 3092 homines
1253 3031 1312 3094 ad-

161 3130 274 3196 hibere
289 3133 397 3196 solent
413 3133 445 3194 in
462 3131 616 3212 operibus
633 3125 739 3214 ignis),
756 3129 782 3191 is
800 3128 895 3193 sacile
911 3131 1044 3194 missam
1066 3131 1164 3196 saciet
1182 3134 1312 3198 hetero-

162 3237 294 3318 geniam
311 3237 401 3299 illam
418 3235 543 3312 caloris,
561 3243 594 3297 et
608 3233 661 3297 vel
677 3234 820 3297 tentabit
835 3232 887 3297 vel
909 3237 1110 3317 exaequabit
1125 3237 1177 3301 vel
1201 3239 1235 3301 in
1253 3239 1312 3302 ali-

161 3341 279 3423 quibus
294 3341 403 3404 vincet
426 3360 526 3422 opera
549 3338 635 3412 solis,
652 3359 710 3420 per
732 3338 874 3401 calorem
899 3339 991 3420 ignis
1038 3341 1163 3405 Similis
1186 3345 1310 3407 instan-

162 3447 210 3509 tia
222 3444 370 3526 foederis
385 3455 435 3508 est
451 3443 654 3506 resuscitatio
675 3443 880 3525 papilionum
902 3465 946 3506 ex
966 3445 1085 3527 frigore
1106 3448 1311 3528 stupentium

195 3653 217 3686 ⁴⁷
238 3657 463 3723 Meteorologica,
483 3656 500 3710 i.
521 3674 552 3721 14
574 3654 611 3724 (ρ.
633 3671 679 3720 35ι
696 3653 739 3723 a):
769 3655 848 3722 τῇδὲ
865 3655 900 3726 γῇ
917 3659 995 3710 τοῦτο
1015 3656 1064 3725 (sc.
1083 3657 1164 3724 ἀκμὴν
1182 3658 1252 3726 ἔχειν
1269 3659 1311 3712 καὶ

158 3740 249 3810 γῆρας)
263 3741 377 3810 γίγνεται
390 3740 452 3794 κατὰ
464 3739 543 3809 μέρος
554 3738 597 3792 διὰ
609 3737 692 3810 ψύξιν
704 3739 745 3791 καί
758 3738 910 3807 θερμότητα.
940 3744 1025 3793 Ταῦτα
1037 3741 1082 3805 μὲν
1095 3739 1140 3794 οὖν
1154 3741 1257 3807 αὔξεται
1270 3741 1311 3796 καὶ

157 3823 244 3892 φθίνει
257 3823 298 3876 διὰ
312 3824 356 3876 τὸν
368 3823 443 3892 ἥλιον
455 3824 496 3876 καί
507 3822 553 3890 τὴν
564 3821 719 3891 περιφοράν,
729 3819 772 3874 διὰ
784 3821 810 3873 δι’
823 3824 903 3874 ταῦτα
916 3821 956 3874 καί
969 3822 1015 3888 τὴν
1028 3821 1132 3888 δύναμιν
1143 3823 1175 3876 τίν
1188 3823 1252 3892 με’ρη
1265 3825 1311 3890 τῆς

158 3907 205 3976 γῆς
224 3907 351 3974 λαμβάνει
370 3905 556 3976 διαφέρουσαν,
577 3905 645 3958 ὥστε
666 3903 744 3972 μέχρι
768 3902 836 3957 τινὸς
855 3903 947 3970 ἔνυδρα
969 3902 1072 3957 δύναται
1097 3905 1231 3972 διαμίνιιν,
1256 3901 1310 3960 elva

157 3989 301 4058 ξηραίνεται
315 3991 356 4044 καὶ
367 3991 493 4060 γηράσκει
504 3989 591 4043 πάλιν·
609 3987 691 4058 ἕταροι
704 3985 732 4040 δὲ
744 3987 820 4040 τόποι
833 3987 990 4050 βιῶακονται
1006 3987 1047 4040 καὶ
1062 3987 1163 4058 ἔνυδροι
1179 3988 1310 4060 γίγνονται

158 4073 222 4126 κατὰ
234 4072 320 4140 μέρος.
364 4091 372 4098 “

195 4155 240 4210 De
256 4155 443 4209 Generatione
457 4161 486 4208 et
499 4154 692 4223 Corruptione,
705 4153 733 4206 ii.
748 4168 781 4205 ro
795 4149 834 4221 (p.
849 4155 897 4218 336
911 4169 936 4219 a,
948 4149 989 4219 b).
1027 4153 1053 4206 lt
1072 4154 1093 4206 is
1110 4161 1141 4207 to
1158 4155 1211 4207 this
1227 4154 1310 4209 latter

156 4254 267 4307 passage
286 4239 346 4292 that
364 4240 412 4292 the
430 4239 521 4293 words
539 4237 626 4292 ‘Nam
644 4243 675 4290 ut
693 4236 814 4290 arbiter’
832 4237 882 4291 &e
894 4235 976 4290 refer.
1013 4238 1064 4290 See
1080 4241 1128 4303 336
1142 4238 1169 4291 b.
1186 4252 1227 4304 17,
1240 4237 1308 4294 &cz

155 4322 255 4391 ὁρῶμεν
266 4324 318 4392 γὰρ
330 4321 368 4376 ὅτι
380 4324 536 4388 προσιόντος
549 4322 596 4388 μέν
610 4324 656 4375 τοῦ
675 4319 750 4388 ἡλίου
765 4318 867 4390 γένεσίς
882 4319 963 4385 ἔστιν,
978 4318 1097 4375 ἀπιόντος
1114 4321 1141 4374 δὲ
1154 4321 1255 4391 φθίσις,
1267 4322 1308 4374 καλ

155 4404 183 4459 όν
195 4401 246 4477 ἴσῳ
257 4407 344 4476 χρόνῳ
356 4406 484 4475 ι’κιίτιρον·
502 4403 561 4464 ’ίαος
572 4405 623 4476 γὰρ
635 4405 649 4458 ὁ
661 4405 755 4476 χρόνος
767 4404 812 4470 τῆς
824 4404 926 4475 φθορᾶς
938 4403 979 4456 καλ
993 4405 1038 4471 τῆς
1049 4403 1176 4473 γενέσεως
1188 4406 1233 4473 τῆς
1245 4404 1310 4460 κατὰ

154 4484 247 4557 φύσιν.

190 4567 214 4602 ⁴¹
230 4569 246 4639 'l
259 4572 323 4628 κατὰ
334 4571 380 4626 τὸν
391 4571 471 4640 λοξὸν
482 4569 577 4626 κύκλον
588 4571 668 4643 φορά.
704 4571 750 4624 De
763 4571 834 4626 Gen.
847 4577 875 4626 et
889 4571 969 4626 Corr.
982 4569 1010 4626 ii.
1025 4587 1067 4626 ιο.

696 4672 765 4742 Gg
