3220 5102
325 395 391 474 482
707 401 864 458 norun
884 401 1103 461 ORGANUM.

327 569 492 634 secundae
507 569 676 634 deducunt
692 569 927 634 non-sensibile
943 570 987 634 ad
1003 565 1175 649 sensibile3
1199 569 1316 636 tertiae
1334 569 1492 636 indicant

328 695 499 758 processus
530 674 740 737 continuatos
770 673 838 736 sive
863 674 964 738 series
991 691 1105 738 earum
1131 695 1239 738 rerum
1267 683 1301 738 et
1329 685 1491 740 motuum

327 799 413 861 quae
432 776 483 864 (ut
505 777 698 861 plurimum)
717 797 783 840 non
806 786 964 840 notantur
982 775 1043 842 nisi
1066 779 1100 841 in
1122 780 1215 844 exitu
1233 789 1292 843 aut
1314 781 1491 862 periodis;

326 893 462 964 quartae
485 882 611 966 aliquid
637 882 843 946 substituunt
869 881 977 945 sensui
1006 884 1038 946 in
1066 885 1165 947 meris
1190 884 1489 960 destitutionibus3

326 988 462 1070 quintae
488 987 636 1050 excitant
660 987 880 1050 attentionem
908 1007 1022 1051 sensus
1048 998 1081 1052 et
1105 989 1356 1066 advertentiam,
1379 997 1492 1070 atque

327 1113 392 1155 una
408 1092 551 1155 limitant
572 1091 791 1156 subtilitatem
812 1109 930 1155 rerum.
978 1092 1031 1156 De
1051 1092 1102 1156 his
1122 1102 1235 1157 autem
1255 1093 1396 1176 singulis
1411 1093 1487 1175 jam

326 1194 504 1260 dicendum
521 1205 581 1259 est.

816 1297 987 1366 XXXIX.

370 1421 461 1485 Inter
487 1419 739 1504 praerogativas
774 1421 1010 1484 instantiarum
1046 1439 1206 1504 ponemus
1240 1419 1313 1484 loco
1348 1421 1487 1484 decimo

325 1536 422 1590 sexto
444 1527 629 1590 instantias
657 1523 792 1599 Januae
816 1527 883 1588 sive
909 1525 1051 1589 Portae:
1085 1547 1125 1588 eo
1153 1526 1240 1588 enim
1267 1527 1404 1588 nomine
1426 1547 1487 1589 aas

323 1631 531 1714 appellamus
558 1649 644 1713 quae
666 1629 785 1712 juvant
809 1631 958 1694 actiones
981 1629 1340 1694 sensus'immediatas.
1388 1630 1487 1694 Inter

323 1756 438 1800 sensus
466 1746 578 1798 autem
606 1734 817 1798 manifestum
844 1745 895 1798 est
924 1745 1035 1818 partes
1061 1736 1184 1817 primas
1210 1745 1323 1798 tenere
1347 1733 1483 1808 Visum,

323 1841 435 1922 quoad
462 1839 748 1916 informationem
783 1859 884 1921 quare
910 1839 985 1904 huic
1011 1839 1120 1902 sensui
1148 1839 1323 1921 praecipue
1351 1838 1485 1902 auxilia

323 1941 553 2024 conquirenda.
607 1941 748 2004 Auxilia
775 1951 887 2005 autem
915 1943 1057 2025 triplicia
1083 1961 1155 2006 esse
1180 1962 1277 2025 posse
1302 1941 1483 2006 videntur:

322 2045 374 2110 vel
400 2055 436 2110 ut
460 2043 621 2128 percipiat
644 2067 710 2108 non
734 2045 824 2126 visa;
854 2046 907 2112 vel
933 2055 970 2110 ut
994 2047 1118 2130 majore
1141 2045 1333 2126 intervallo;
1364 2045 1419 2110 vel
1445 2057 1483 2110 ut

323 2150 473 2214 exactius
496 2159 529 2212 et
552 2150 747 2214 distinctius.

366 2253 465 2316 Primi
489 2254 618 2336 generis
643 2263 721 2317 sunt
744 2249 867 2340 (missis
889 2255 1060 2320 bis-oculis
1070 2252 1095 2294 ³¹
1118 2264 1151 2319 et
1173 2253 1373 2336 hujusmodi,
1392 2278 1483 2338 quae

320 2357 431 2422 valent
446 2368 576 2422 tantum
596 2359 638 2421 ad
660 2359 887 2441 corrigendam
904 2370 938 2424 et
953 2359 1129 2423 levandam
1145 2358 1373 2424 infirmitatem
1388 2361 1482 2425 visus

320 2483 386 2528 non
412 2465 497 2527 bene
526 2463 689 2546 dispositi,
715 2473 816 2546 atque
841 2464 917 2526 ideo
945 2463 1025 2526 nihil
1051 2463 1193 2548 amplius
1218 2461 1413 2550 informant)
1441 2487 1481 2529 ea

321 2588 405 2652 quae
429 2588 533 2652 nuper
553 2569 687 2631 inventa
710 2579 787 2632 sunt
810 2567 1053 2651 perspicilla³²3
1076 2589 1162 2651 quae
1181 2568 1323 2634 latentes
1342 2579 1377 2633 et
1396 2571 1481 2634 invi·

321 2674 433 2737 sibiles
451 2694 625 2756 corponrm
646 2673 810 2750 minutias,
826 2682 860 2738 et
878 2673 1027 2736 occultos
1045 2671 1297 2738 schematismos
1316 2683 1349 2738 et
1366 2682 1486 2739 motus

319 2775 430 2861 (aucta
453 2777 624 2860 insigniter
646 2777 828 2860 specierum
852 2774 1095 2860 magnitudine)
1115 2777 1345 2841 demonstrant
1357 2804 1366 2857 ;
1394 2799 1481 2860 quo-

320 2905 391 2953 rum
414 2886 455 2963 vi,
476 2887 508 2948 in
527 2885 646 2966 pulice,
667 2905 788 2962 musca,
805 2883 1003 2960 vermiculis,
1022 2891 1178 2946 accurata
1200 2885 1346 2965 corporis
1370 2882 1480 2965 figura

320 2999 353 3053 et
376 2989 585 3067 lineamenta,
610 3008 736 3051 necnon
760 2987 886 3052 colores
910 2996 944 3052 et
967 2996 1078 3051 motus
1101 2986 1189 3068 prius
1211 3007 1278 3049 non
1297 2987 1480 3069 conspicui,

319 3111 385 3154 non
417 3091 486 3156 sine
518 3093 736 3157 admiratione
766 3101 951 3156 cernuntur.
1005 3090 1198 3173 Quinetiam
1230 3090 1324 3156 aiunt
1353 3090 1480 3154 lineam

320 3204 443 3259 rectam
467 3195 595 3258 calamo
617 3196 670 3260 vel
693 3195 855 3279 penecillo
878 3194 1089 3277 descriptam,
1110 3215 1169 3277 per
1191 3193 1381 3276 hujusmodi
1401 3215 1480 3276 per·

354 3440 376 3474 ³¹
395 3443 559 3512 Spectacles.
595 3442 685 3497 Their
701 3443 851 3510 invention,
863 3443 919 3497 lile
937 3444 999 3498 that
1017 3443 1050 3498 oi
1065 3444 1113 3498 the
1128 3445 1304 3514 Microscope
1321 3446 1374 3498 and
1388 3443 1480 3498 Tele·

316 3543 408 3596 scope,
420 3526 468 3582 has
480 3528 551 3581 been
564 3527 688 3581 ascribed
701 3532 731 3580 to
746 3527 840 3593 Roger
853 3527 956 3582 Bacon.
993 3529 1058 3594 But,
1070 3528 1201 3583 however
1214 3529 1268 3582 this
1281 3544 1344 3597 may
1358 3529 1394 3581 be
1409 3528 1479 3597 (and

315 3610 396 3666 there
409 3628 456 3666 are
469 3628 550 3680 many
563 3612 644 3665 other
657 3610 819 3680 claimants)‚
833 3612 854 3664 it
867 3612 889 3664 is
901 3619 994 3682 pretty
1008 3612 1082 3665 clear
1094 3613 1155 3665 that
1168 3612 1216 3666 the
1229 3613 1372 3666 invention
1384 3611 1408 3664 is
1421 3611 1478 3666 due

316 3703 348 3750 to
367 3697 414 3751 the
433 3695 488 3751 end
506 3694 539 3749 of
554 3695 602 3750 the
614 3695 768 3750 thirteenth
782 3701 907 3765 century.
946 3697 996 3750 See
1010 3696 1229 3767 Encyclopaedia
1242 3695 1410 3763 Britannica,
1423 3703 1478 3750 art.

316 3797 353 3836 on
367 3781 472 3850 Optics.

351 3861 373 3894 ³¹
392 3865 589 3932 Microscopes.
627 3863 655 3915 lt
672 3879 761 3916 seems
778 3862 850 3931 plain
869 3861 942 3915 from
961 3862 1009 3916 the
1027 3867 1144 3917 context
1160 3861 1222 3917 that
1237 3863 1331 3917 Bacon
1350 3862 1404 3918 had
1424 3869 1478 3916 not

316 3963 457 4002 seenone.
495 3947 541 4000 He
555 3947 652 4014 speaks
664 3947 697 4000 ol
706 3947 782 4000 them
795 3945 919 4016 aslately
933 3947 1071 4001 invented.
1103 3947 1255 4016 Supposing
1270 3947 1476 4014 RogerBacon

316 4037 347 4086 to
360 4033 428 4086 have
440 4030 583 4085 described
596 4031 690 4085 rather
703 4031 776 4084 what
789 4031 824 4084 he
836 4029 955 4098 thought
968 4030 1055 4097 might
1071 4031 1107 4084 be
1120 4032 1187 4085 than
1200 4031 1273 4086 what
1285 4031 1405 4099 actually
1417 4047 1476 4086 was

316 4116 503 4182 constructed,
516 4131 559 4170 we
572 4131 643 4183 may,
657 4115 782 4182 perhaps,
795 4115 869 4168 refer
881 4115 928 4167 the
941 4115 1032 4168 actual
1045 4115 1185 4168 invention
1199 4114 1232 4169 of
1245 4116 1432 4183 microscopes
1441 4121 1476 4168 to

317 4199 463 4253 Zacharias
483 4200 584 4268 Jansen
605 4198 637 4252 of
656 4199 841 4266 Middleburg,
860 4198 945 4252 about
966 4215 1042 4264 ¹590·
1080 4199 1197 4270 ‘Jansen
1218 4216 1285 4268 gave
1307 4215 1362 4252 one
1380 4199 1413 4252 of
1431 4199 1477 4254 his

316 4281 500 4351 microscopes
512 4289 543 4336 to
556 4282 604 4336 the
618 4281 773 4349 Archdulre‚
787 4283 849 4334 who
865 4297 932 4349 gave
944 4283 968 4334 it
979 4288 1009 4335 to
1023 4282 1168 4336 Cornelius
1180 4283 1314 4350 Drebbel,
1328 4299 1344 4336 a
1356 4283 1476 4336 salaried

316 4365 538 4420 mathematician
557 4373 584 4420 at
602 4367 650 4419 the
669 4372 749 4420 court
768 4365 800 4419 of
815 4383 867 4419 our
885 4368 978 4436 James
998 4365 1029 4420 l.'
1066 4367 1117 4422 See
1137 4365 1198 4420 Life
1217 4367 1249 4422 ol
1258 4367 1374 4433 Gallleo‚
1387 4367 1433 4421 ch.
1446 4370 1477 4435 6,

315 4449 344 4501 in
369 4448 485 4518 Library
505 4447 537 4502 of
559 4448 655 4503 Useful
681 4449 859 4516 Knowledge.
904 4451 955 4504 See
979 4450 1036 4503 also
1061 4450 1130 4504 Enc.
1147 4451 1204 4522 Br.‚
1224 4457 1276 4506 art.
1298 4468 1336 4506 on
1358 4452 1477 4521 Optioe3

315 4529 469 4597 Montucla
483 4531 607 4585 Histoire
620 4533 668 4585 des
682 4533 924 4603 lllathematiques,
936 4534 1004 4588 Part
1017 4534 1051 4589 iv.
1065 4535 1110 4589 liv.
1124 4536 1159 4590 iv.
