3220 5102
517 475 521 486 .
605 429 687 486 ala.
709 429 753 486 H.
777 419 831 501 48.
1231 434 1296 507 535

185 590 343 676 Superest
355 601 391 656 ut
403 612 469 656 non
482 590 657 656 omittatur
668 593 767 658 coitio
781 592 836 658 illa
850 592 993 677 partium
1010 613 1195 676 corporum,
1207 593 1295 658 unde

140 696 177 760 fit
194 699 368 780 praecipue
384 696 549 759 induratio
565 706 598 760 et
617 697 801 762 desiccatio,
848 698 1029 781 Postquam
1045 699 1132 762 enim
1150 698 1292 781 spiritus,

140 810 197 864 aut
213 801 386 865 humidum
403 801 435 863 in
454 800 606 882 spiritum
624 800 763 880 v'ersum,
779 801 958 867 evolaverit
978 804 1010 866 in
1029 803 1141 885 aliquo
1160 821 1297 884 corpore

140 906 309 988 porosiore
335 901 386 989 (ut
409 905 442 968 in
466 903 565 986 ligno,
587 926 670 984 osse,
694 907 895 986 membrana,
921 917 955 971 et
984 903 1196 992 hujusmodi),
1220 914 1296 968 tum
1347 983 1353 997 .

141 1017 252 1090 partes
279 1001 451 1072 crassiores
477 1006 602 1088 majore
629 1010 710 1071 nixu
736 1009 973 1074 contrahuntur
996 1020 1029 1074 et
1056 1017 1184 1088 co'e'unt,
1207 1009 1296 1071 unde
1345 1003 1348 1010 ’

140 1112 288 1194 sequitur
312 1111 477 1175 induratio
500 1121 558 1175 aut
587 1113 766 1176 desiccatio
777 1112 823 1177 ⁹¹:
847 1114 936 1195 quod
968 1114 1197 1177 existimamus
1221 1112 1298 1189 fieri,

141 1234 206 1277 non
226 1224 294 1278 tam
310 1214 354 1279 ob
371 1224 499 1278 motum
515 1235 621 1293 nexus,
640 1235 682 1279 ne
697 1215 795 1279 detur
808 1236 958 1294 vacuum,
975 1236 1074 1298 quam
1090 1237 1148 1300 per
1167 1225 1296 1279 motum

142 1318 240 1381 istum
257 1318 422 1382 amicitiae
438 1329 472 1382 et
487 1319 629 1383 unionis.

185 1420 242 1485 Ad
259 1422 435 1486 coitionem
452 1443 531 1486 vero
545 1424 588 1486 ad
602 1423 729 1486 distans
745 1424 835 1505 quod
847 1422 976 1501 attinet,
989 1444 1027 1486 ea
1043 1423 1231 1504 infrequens
1247 1430 1297 1485 est

141 1534 174 1588 et
194 1546 286 1603 rara3
310 1535 344 1589 et
363 1533 475 1589 tamen
499 1526 531 1590 in
555 1525 703 1610 pluribus
726 1526 811 1589 inest
832 1545 932 1608 quam
957 1526 1076 1607 quibus
1098 1526 1314 1589 observatu-r.

143 1627 253 1709 Hujus
277 1626 451 1692 simulacra
479 1638 564 1707 sunt,
588 1650 663 1692 cum
690 1629 780 1693 bulla
807 1629 915 1693 solvat
942 1628 1121 1706 bullam⁹²;
1152 1628 1298 1691 medica·

142 1740 253 1796 menta
268 1753 313 1795 ex
332 1732 548 1796 similitudine
563 1733 768 1797 substantiae
787 1731 921 1796 trahant
941 1732 1096 1796 humores
1104 1731 1151 1810 98;
1175 1730 1298 1794 chorda

141 1836 175 1898 in
190 1835 327 1900 diversis
343 1835 464 1898 fidibus
478 1837 521 1900 ad
538 1836 712 1900 unisonum
733 1845 866 1900 moveat
885 1835 1042 1900 chordam
1052 1835 1099 1910 94;
1132 1843 1165 1899 et
1185 1833 1298 1915 hujus-

143 1939 243 2002 modi.
289 1939 403 2002 Etiam
427 1941 460 2003 in
487 1941 656 2023 spiritibus
687 1939 880 2003 animalium
911 1940 999 2004 hunc
1031 1950 1159 2004 motum
1188 1939 1299 2021 vigere

142 2043 372 2106 existimamus
382 2043 418 2123 ⁹⁵,
445 2045 503 2107 sed
531 2044 629 2127 plane
655 2044 871 2126 incognitum.
916 2043 966 2108 At
997 2045 1121 2108 eminet
1148 2052 1236 2107 certe
1263 2043 1297 2104 in

142 2155 307 2228 magnete,
322 2156 355 2210 et
379 2147 464 2211 serro
488 2149 609 2213 excito.
655 2147 741 2212 Cum
764 2156 876 2210 autem
899 2149 942 2212 de
966 2148 1111 2211 motibus
1134 2147 1298 2230 magnetis

142 2250 314 2332 loquimur,
342 2251 565 2333 distinguendi
596 2251 695 2334 plane
725 2259 812 2314 sunt.
857 2250 1010 2333 Quatuor
1041 2253 1128 2315 enim
1158 2253 1296 2315 virtutes

66 2377 70 2384 ⁴
142 2356 210 2419 sive
236 2356 443 2437 operationes
469 2365 545 2420 sunt
575 2357 608 2418 in
640 2364 804 2436 magnete,
831 2375 917 2437 quae
947 2375 1012 2419 non
1044 2355 1208 2433 conlundi,
1238 2355 1297 2418 sed

142 2461 285 2542 separari
319 2460 463 2539 debent3
501 2461 578 2525 lioet
611 2461 786 2524 admiratio
819 2460 991 2524 hominum
1027 2469 1060 2524 et
1092 2469 1209 2541 stupor
1241 2479 1297 2522 eas

143 2564 395 2631 commiscuerit.
450 2565 535 2644 Una,
565 2565 715 2629 coitionis
746 2567 911 2647 magnetis
940 2566 984 2628 ad
1014 2570 1216 2645 magnetem,
1245 2562 1298 2625 vel

142 2667 217 2730 serri
246 2669 289 2731 ad
322 2678 519 2750 magnetem,
548 2668 601 2733 vel
632 2669 707 2732 serri
737 2669 839 2732 exciti
869 2669 912 2732 ad
942 2668 1075 2731 serrum.
1136 2665 1299 2742 Secunda,

141 2772 333 2836 verticitatis
363 2773 434 2855 ejus
463 2775 506 2837 ad
537 2774 779 2857 septentriones
812 2781 846 2836 et
876 2781 1034 2850 austrum,
1065 2780 1166 2853 atque
1198 2767 1301 2832 simui

141 2876 370 2941 declinationis
394 2877 509 2959 ejusu.
562 2877 685 2955 Tertia,
711 2877 950 2960 penetrationis
983 2875 1053 2958 ejus
1083 2894 1143 2958 per
1169 2893 1296 2950 aumm,

176 3197 196 3230 ⁹¹
215 3201 266 3268 Cp.
288 3201 315 3255 ii.
337 3216 385 3265 40:
415 3201 546 3268 ‘Spiritus
568 3199 595 3252 in
618 3215 649 3252 re
671 3197 802 3266 tangibili,
823 3197 945 3264 emissus,
965 3213 1081 3266 corpora
1106 3196 1244 3251 contrahit
1270 3202 1299 3250 et

140 3283 279 3338 desiccat!
316 3283 386 3336 This
398 3285 516 3352 position
530 3284 551 3336 is
564 3283 707 3351 expanded
725 3283 752 3334 in
765 3282 813 3335 the
826 3281 965 3348 following
981 3281 1140 3350 paragraph,
1153 3281 1300 3347 beginning

141 3367 269 3422 ‘Etenim
282 3369 309 3421 in
322 3369 397 3421 omni
410 3367 545 3436 corpore,’
558 3368 609 3423 &o

176 3450 198 3483 ⁹²
217 3451 287 3505 This
308 3451 329 3504 is
352 3452 399 3504 the
418 3467 479 3504 case
498 3450 578 3503 when
597 3457 653 3504 two
673 3449 788 3503 bubbles
806 3465 886 3502 oome
905 3449 963 3502 into
982 3453 1103 3514 oomact,
1122 3446 1176 3500 and
1194 3446 1216 3499 is
1234 3445 1296 3512 due,

141 3540 266 3601 amongst
279 3535 361 3587 other
372 3550 475 3601 causes,
489 3539 519 3586 to
533 3535 668 3602 Capillary
683 3534 849 3586 Attraction.
884 3534 939 3586 See
953 3547 978 3600 p.
993 3549 1054 3597 419,
1067 3536 1134 3583 note
1147 3532 1162 3579 6
1167 3545 1191 3593 5.

175 3616 197 3649 ⁹³
215 3617 285 3671 This
298 3618 319 3670 is
332 3635 365 3670 an
379 3617 503 3686 example
518 3616 551 3669 ol
564 3617 612 3669 the
627 3617 704 3669 False
719 3617 862 3682 Analogies
878 3615 911 3668 of
927 3615 1015 3667 which
1032 3614 1143 3666 ancient
1161 3609 1299 3663 medicine

140 3718 195 3755 was
217 3718 248 3754 so
269 3701 325 3767 suli,
345 3701 397 3754 and
419 3701 441 3754 is
459 3717 475 3753 a
493 3699 593 3768 special
614 3699 777 3767 application
796 3698 828 3752 of
846 3699 894 3750 the
913 3697 1013 3750 maxim
1033 3695 1151 3747 ‘Similia
1169 3691 1300 3746 similibus

143 3785 292 3839 curantur!
330 3785 384 3838 We
401 3785 457 3837 find
475 3784 523 3837 the
541 3783 666 3851 opposite
682 3782 832 3835 sentiment
848 3781 876 3833 in
889 3780 971 3832 Arist.
985 3778 1049 3830 Eth.
1063 3777 1091 3830 ii.
1106 3795 1119 3829 a
1135 3777 1172 3847 (p.
1189 3793 1256 3840 1104
1270 3773 1299 3829 b.

145 3885 185 3934 17,
201 3869 243 3934 18)
254 3885 261 3922 ε
280 3869 306 3922 ol
318 3868 346 3922 δὲ
360 3868 467 3938 ἰατρεῖαι
479 3866 522 3920 διὰ
533 3871 584 3920 τῶν
596 3864 716 3918 ἐναντίων
727 3862 862 3934 πεφύκασι
874 3863 1001 3934 γίνεσθαι.

176 3951 198 3983 ⁹⁴
217 3951 281 4005 The
300 3951 483 4021 sympathetic
502 3948 651 4002 vibrations
669 3948 702 4002 of
719 3948 827 4014 strings,
847 3944 1043 4012 turning-forks,
1063 3943 1123 4010 &c.‚
1142 3942 1169 3996 in
1192 3942 1299 4008 unison‚

141 4053 188 4090 are
201 4036 378 4090 well-known
392 4035 573 4104 phenomena.
611 4034 662 4086 See
675 4031 818 4101 Tyndall's
829 4032 965 4084 Lectures
976 4046 1011 4082 on
1026 4026 1127 4092 Sound,
1142 4027 1221 4080 Lect.
1236 4031 1250 4078 8
1264 4025 1299 4078 ad

141 4120 187 4174 fin.
202 4119 257 4190 (ch.
270 4138 285 4185 9
301 4121 327 4172 in
341 4119 411 4173 later
422 4117 561 4186 editions),
574 4133 615 4180 or,
629 4115 701 4170 fora
718 4131 796 4169 more
809 4113 927 4169 detailed
946 4117 1072 4178 account,
1086 4108 1248 4164 Helmholtz
1262 4125 1299 4161 on

141 4203 190 4256 the
203 4203 360 4256 sensations
372 4200 405 4254 ol
414 4202 506 4268 Tone,
520 4199 697 4254 Translation
711 4199 747 4269 by
761 4199 817 4253 Mr.
832 4199 905 4265 Ellis,
919 4199 963 4252 Pt.
977 4199 994 4251 i.
1007 4197 1050 4250 ch.
1066 4213 1089 4262 3.

177 4284 199 4318 ⁰³
218 4287 269 4339 See
287 4287 365 4355 Sylva
383 4285 532 4354 Sylvarum,
547 4284 616 4352 Exp.
633 4301 716 4352 10003
736 4284 781 4336 De
794 4282 963 4350 Augmentis,
975 4279 1021 4334 lib.
1035 4279 1069 4332 iv.
1083 4293 1142 4346 cap.
1159 4293 1171 4342 3
1187 4275 1232 4344 (E.
1245 4274 1299 4328 and

142 4372 177 4434 8,
191 4370 242 4424 sol.
256 4371 273 4423 i.
287 4386 331 4438 pp.
345 4367 456 4436 608-9).
495 4368 567 4424 Both
580 4369 657 4422 these
670 4384 794 4436 passages
806 4383 853 4421 are
866 4365 928 4418 well
940 4362 1030 4417 worth
1042 4361 1206 4426 consulting.

177 4451 199 4484 ⁰⁶
218 4453 312 4508 These
331 4453 386 4506 and
404 4453 452 4506 the
470 4451 553 4506 other
570 4452 742 4520 phenomena
760 4450 850 4505 which
870 4449 964 4503 Bacon
980 4447 1087 4501 notices
1102 4460 1150 4498 are
1166 4441 1233 4513 fully
1250 4439 1300 4494 de-

142 4535 251 4593 scribed
264 4537 301 4608 by
314 4537 433 4604 Gilbert‚
448 4535 492 4590 De
506 4535 649 4604 Magnete.
