3208 5094
358 449 423 518 574
734 439 892 496 NOVUM
912 439 1132 496 ORGANUM.

358 613 491 688 tempus
509 603 663 684 notabile,
685 603 849 668 munitum
871 603 1004 668 interim
1027 613 1061 667 et
1082 603 1259 668 defensum
1283 603 1328 668 ab
1349 603 1480 686 aliquali

358 718 508 773 externa.
552 706 640 770 Tum
657 707 744 770 enim
760 715 870 770 motus
890 707 1036 770 intestini
1056 726 1091 770 se
1111 707 1260 788 produnt
1280 715 1315 772 et
1334 707 1482 789 perficiunt

358 832 433 876 cum
465 821 574 876 motus
604 811 754 875 extranei
788 819 821 874 et
851 810 1023 875 adventitii
1052 820 1195 874 cessant.
1259 810 1373 892 Opera
1399 823 1481 876 auten

357 916 476 979 aetatis
505 925 583 979 sunt
612 915 711 997 longe
743 913 915 978 subtiliora
947 934 1047 996 quam
1078 913 1207 996 ignisffl.
1273 915 1393 996 Neque
1420 917 1482 978 euin

357 1018 462 1100 possit
485 1017 555 1082 fieri
585 1018 661 1081 talis
691 1016 881 1082 clarificatio
908 1017 978 1080 vini
1006 1037 1066 1098 per
1094 1017 1216 1098 ignem,
1250 1017 1363 1099 qualis
1390 1017 1423 1080 lit
1445 1039 1483 1100 per

358 1141 506 1201 moram;
542 1142 650 1204 neque
684 1121 786 1185 etiam
818 1120 1068 1185 incinerationes
1098 1141 1157 1202 per
1186 1121 1307 1203 ignem
1338 1130 1404 1186 tam
1431 1133 1483 1182 sunl

356 1225 551 1306 exquisitae,
573 1245 676 1308 quam
699 1225 915 1288 resolutiones
941 1233 974 1288 et
997 1224 1270 1306 consumptiones
1294 1244 1358 1306 per
1378 1223 1483 1288 saecula

358 1327 642 1410 Incorporationes
667 1327 778 1405 etiam,
801 1337 836 1392 et
858 1327 1030 1391 mistiones
1055 1327 1183 1390 subitae
1211 1337 1246 1391 et
1278 1328 1485 1410 praecipitatae

356 1450 416 1512 per
433 1430 552 1514 ignem,
566 1431 669 1514 'longe
691 1431 858 1495 inferiores
881 1441 958 1494 sunt
980 1430 1052 1508 illis,
1074 1451 1160 1513 quae
1182 1431 1272 1495 fiunt
1296 1451 1360 1513 per
1381 1449 1483 1493 moran

356 1534 406 1599 At
428 1535 640 1600 dissimilares
662 1543 696 1599 et
713 1535 793 1599 varii
811 1534 1043 1612 schematismi,
1059 1554 1143 1616 quos
1165 1555 1310 1616 corpora
1329 1554 1390 1616 per
1406 1552 1485 1596 mons

356 1647 487 1704 tentant
502 1635 631 1723 (quales
646 1646 723 1702 sunt
737 1634 949 1721 putredines),
966 1657 1024 1719 per
1041 1637 1151 1719 ignem
1170 1647 1230 1701 aut
1247 1639 1399 1702 calorem
1413 1635 1484 1699 velie

356 1744 551 1806 mentiorem
585 1743 807 1806 destruuntur.
867 1741 953 1804 Illud
985 1741 1115 1804 interim
1146 1762 1212 1805 non
1241 1743 1309 1806 abs
1348 1762 1383 1804 re
1414 1739 1484 1801 fuerit

355 1855 489 1923 notare;
520 1853 630 1908 motus
645 1865 818 1926 corporum
834 1845 965 1926 penitus
980 1845 1206 1908 conclusorum
1221 1843 1353 1908 habere
1366 1841 1482 1907 nonnihil

355 1968 399 2012 ex
413 1948 568 2012 violento.
613 1947 830 2014 Incarceratio
846 1949 934 2012 enim
950 1948 1005 2012 illa
1023 1949 1163 2030 impedit
1180 1958 1296 2012 motus
1310 1957 1483 2031 spontaneos

354 2051 508 2132 corporis.
554 2049 673 2132 Itaque
697 2071 789 2114 mora
812 2051 845 2113 in
867 2071 946 2114 vase
968 2060 1083 2134 aperto
1105 2050 1181 2133 plus
1202 2050 1285 2116 facit
1309 2051 1354 2115 ad
1380 2067 1481 2131 separa-

354 2153 480 2231 tiones;
515 2153 548 2215 in
577 2172 656 2215 vase
686 2152 817 2234 penitus
846 2152 959 2217 clauso
987 2155 1029 2217 ad
1061 2155 1310 2218 commistiones
1322 2179 1332 2232 ;
1370 2154 1402 2216 in
1427 2169 1482 2214 vase

354 2255 502 2320 nonnihil
525 2254 646 2332 clauso,
662 2257 720 2319 sed
743 2255 949 2320 subintrante
966 2263 1050 2335 aere,
1065 2257 1108 2320 ad
1130 2257 1397 2338 putrefactiones
1436 2253 1481 2318 Ut·
1540 2303 1541 2314 .

353 2381 482 2442 cunque
498 2360 540 2423 de
555 2357 692 2442 opificiis
707 2366 741 2422 et
757 2358 926 2424 effectibus
942 2379 1055 2423 morae
1070 2359 1215 2441 undique
1233 2370 1313 2424 sunt
1335 2360 1482 2440 diligenter

353 2463 595 2546 conquirendae
611 2461 795 2525 instantiae.

396 2565 409 2654 (
412 2565 447 2652 5)
469 2565 519 2630 At
535 2566 681 2647 regimen
697 2573 808 2628 motus
821 2562 926 2649 (quod
940 2575 991 2630 est
1003 2565 1137 2648 quintus
1149 2588 1193 2630 ex
1210 2567 1319 2630 modis
1333 2560 1480 2648 operandi)

353 2693 419 2738 uon
449 2691 565 2754 parurn
595 2669 694 2734 valet.
755 2669 918 2750 Regimen
948 2680 1060 2736 autem
1092 2680 1203 2735 motus
1232 2691 1398 2746 vocamus,
1423 2683 1478 2728 cun

353 2795 471 2858 corpus
493 2773 583 2837 aliud
605 2793 778 2837 occurrens
808 2775 953 2854 corporis
975 2774 1111 2839 alterius
1133 2783 1260 2838 motum
1284 2783 1478 2856 spontaneum

353 2879 501 2962 impedit,
525 2876 662 2960 repellit,
689 2876 845 2955 admittit,
875 2877 995 2958 dirigit
1042 2877 1118 2942 Hoc
1147 2898 1225 2942 vero
1257 2877 1433 2960 plerunque
1454 2871 1477 2932 iu

352 2981 465 3063 figuris
481 2988 514 3043 et
530 2981 594 3043 situ
613 3000 766 3044 vasorum
786 2980 943 3044 consistit.
990 2980 1125 3044 Etenim
1144 3000 1246 3046 conus
1265 2991 1392 3044 erectus
1404 2977 1478 3060 jum

351 3083 396 3148 ad
411 3083 702 3147 condensationem
717 3103 877 3165 vaporum
894 3083 927 3146 in
942 3081 1163 3164 alembicis²⁸3
1186 3091 1222 3147 at
1237 3103 1341 3148 conus
1357 3084 1476 3146 inversus

347 3185 443 3267 juvat
464 3185 507 3247 ad
530 3184 790 3250 defaecationem
812 3186 956 3249 sacchari
979 3187 1012 3249 in
1034 3188 1121 3251 vasis
1143 3187 1339 3268 resupinatis
1349 3185 1383 3250 ²⁹.
1422 3179 1476 3246 Ali-

351 3287 484 3369 quando
506 3294 618 3347 autem
641 3287 784 3350 sinuatio
806 3289 988 3371 requiritur,
1006 3298 1039 3353 et
1062 3289 1272 3371 angustiati0‚
1295 3298 1329 3352 et
1352 3282 1476 3353 dilatatio

351 3411 410 3474 per
441 3389 538 3466 vices,
568 3397 601 3451 et
630 3386 820 3469 hujusmodi
830 3390 866 3455 ³⁰.
925 3391 1038 3456 Etiam
1075 3395 1182 3457 omnis
1219 3393 1398 3475 percolatio
1428 3387 1475 3450 huc

384 3661 406 3694 ²⁷
424 3662 494 3717 This
506 3663 678 3732 comparisou
692 3661 725 3716 of
738 3662 807 3716 time
821 3663 887 3716 with
900 3663 949 3718 tire
962 3663 984 3716 is
999 3669 1049 3717 not
1061 3679 1237 3718 uncommon.
1273 3663 1325 3733 Cp.
1336 3663 1385 3717 the
1396 3658 1443 3715 end
1454 3652 1477 3708 oi

351 3747 444 3802 Ovid's
457 3747 697 3816 Metamorphoses
711 3747 766 3820 (xv.
780 3745 899 3818 871-2):
1540 3737 1541 3752 ¹

509 3842 644 3913 ‘Jamque
662 3860 730 3912 opus
748 3843 834 3910 exegi,
853 3841 928 3912 quod
947 3859 999 3896 uec
1016 3843 1092 3912 Jovis
1110 3845 1158 3910 ira,
1178 3857 1230 3896 nec
1248 3842 1332 3910 ignes,

526 3924 586 3978 Nec
604 3927 707 3993 poterit
725 3925 838 3995 ferrum,
857 3941 909 3979 nec
926 3926 997 3980 edax
1015 3926 1126 3980 abolere
1144 3926 1281 3980 vetustas*

383 4020 405 4054 ⁹⁴
422 4022 446 4073 Α
460 4020 626 4088 description
643 4021 675 4074 of
688 4021 736 4074 the
748 4023 881 4089 Alembic,
899 4022 1052 4075 illustrated
1069 4022 1105 4091 by
1118 4037 1133 4074 a
1146 4020 1240 4088 figure,
1253 4020 1308 4072 will
1323 4019 1359 4072 be
1371 4015 1446 4072 found
1456 4013 1474 4065 in

348 4103 450 4158 Watts’
476 4103 639 4172 Dictionary
663 4103 696 4156 of
718 4105 883 4174 Chemistry‚
908 4105 959 4158 sub
983 4119 1059 4159 voce.
1106 4103 1170 4156 The
1194 4103 1359 4156 instrument
1383 4103 1405 4155 is
1429 4111 1475 4152 now

347 4186 513 4257 superseded
534 4185 570 4255 by
591 4187 638 4240 the
661 4187 770 4240 Retort.
808 4188 834 4240 lt
856 4189 878 4240 is
896 4187 1021 4256 possible,
1043 4186 1179 4254 however,
1200 4185 1261 4239 that
1283 4185 1377 4238 Bacou
1401 4186 1421 4238 is
1439 4186 1475 4234 rot

347 4271 477 4342 speaking
488 4268 521 4322 of
530 4269 578 4321 the
590 4268 679 4323 entire
692 4271 865 4338 instrument,
877 4270 928 4324 but
940 4272 1004 4338 only
1017 4269 1049 4324 of
1058 4269 1106 4322 the
1119 4270 1223 4324 conical
1236 4268 1316 4323 head.

342 4421 345 4426 ,
381 4352 404 4385 ²⁹
423 4353 485 4404 The
502 4351 631 4421 ordinary
643 4353 845 4407 wine-straiuer
861 4354 913 4407 will
932 4355 992 4421 give
1005 4371 1021 4406 a
1033 4353 1195 4422 sufficieutly
1207 4351 1279 4420 good
1298 4352 1359 4405 idea
1375 4349 1407 4404 ol
1420 4347 1475 4404 what

346 4439 576 4566 Bal(ioilsmieuantslie
599 4514 709 4584 Retort,
730 4518 817 4572 called
841 4519 878 4588 by
897 4519 944 4572 the
969 4517 1078 4572 Freuch
1101 4518 1237 4574 ‘cornua'
1275 4517 1329 4572 Old
1350 4513 1436 4570 Boot-s
1454 4507 1476 4562 ol
