3308 5106
526 1102 1021 1202 FRANCISCUS

457 1309 555 1394 DE
614 1311 1087 1396 VERULAM10

576 1498 652 1566 sm
688 1497 973 1578 commun,

505 1669 785 1750 sirannus
811 1669 952 1736 naon
983 1670 1046 1736 sa

400 1844 560 1908 ratonem
584 1844 739 1920 instituit,
764 1865 863 1927 quam
899 1843 1089 1910 viventibus
1112 1852 1147 1907 et

510 2008 657 2072 Posteris
671 2017 781 2072 notam
787 2008 878 2092 fieri,
893 2009 1037 2092 ipsorum

619 2172 773 2236 interesse
778 2173 924 2255 putavit.

240 2384 327 2449 CUM
347 2383 394 2448 illi
411 2405 472 2468 pro
487 2394 659 2469 comperto
674 2394 760 2450 esset
779 2385 985 2449 intellectum
1001 2384 1184 2448 humanum
1204 2384 1266 2448 sibi
1285 2384 1348 2468 ipsi

195 2489 364 2572 negotium
394 2488 562 2569 facessere,
590 2509 699 2572 neque
731 2489 864 2554 auxiliis
892 2488 978 2552 veris
1010 2483 1109 2574 (quae
1141 2489 1174 2552 in
1204 2488 1349 2552 hominis

194 2601 362 2674 potestate
376 2591 467 2679 sunt)
486 2595 534 2658 uti
549 2595 657 2658 sobrie
672 2603 705 2658 et
721 2593 917 2671 commode3
941 2594 1030 2657 unde
1046 2594 1223 2676 multiplex
1241 2613 1347 2657 rerum

193 2695 357 2778 ignoratio
372 2705 406 2760 et
421 2717 466 2760 ex
481 2697 687 2780 ignoratione
704 2717 812 2760 rerum
832 2697 1031 2760 detrimenta
1046 2697 1234 2760 innumera:
1257 2696 1348 2759 omni

193 2819 259 2880 ope
276 2800 512 2864 connitendum
532 2801 743 2878 existimavit,
758 2802 785 2864 si
804 2821 871 2883 quo
890 2801 991 2864 modo
1008 2801 1242 2864 commercium
1260 2799 1348 2862 istud

195 2903 320 2967 Mentis
330 2912 364 2966 et
375 2903 500 2967 Rerum
510 2898 575 2989 (cui
585 2905 643 2966 vix
654 2903 778 2986 aliquid
791 2904 823 2966 in
835 2905 937 2980 terris,
950 2913 1007 2967 aut
1019 2904 1137 2968 saltem
1153 2905 1186 2966 in
1202 2903 1348 2978 terrenis,

194 3027 231 3070 se
250 3007 397 3071 ostendit
417 3005 537 3092 simile)
560 3008 687 3071 restitui
707 3017 820 3090 posset
842 3010 875 3071 in
900 3009 1073 3091 integrum,
1094 3018 1152 3072 ant
1175 3009 1293 3072 saltem
1315 3009 1347 3070 in

194 3111 313 3175 melios
341 3111 469 3176 deduci.
526 3112 574 3176 Ut
597 3133 679 3175 vero
698 3131 821 3176 errores
848 3113 904 3194 qui
926 3113 1141 3192 invaluerunt,
1168 3114 1291 3195 quique
1314 3112 1347 3175 in

194 3223 365 3279 aeternum
375 3215 539 3279 invalituri
549 3224 632 3295 sunt,
644 3216 702 3280 alii
710 3226 786 3299 post
797 3217 882 3280 alios
892 3213 933 3302 (si
946 3237 1038 3280 mens
1050 3217 1111 3280 sibi
1124 3213 1347 3300 permittatur)

194 3318 256 3402 ipsi
272 3339 309 3382 se
323 3319 529 3402 corrigerent,
544 3319 598 3383 vel
613 3341 657 3383 ex
672 3322 704 3383 vi
728 3320 918 3384 intellectus
935 3320 1066 3403 propria
1080 3319 1133 3384 vel
1152 3341 1196 3383 ex
1214 3319 1347 3383 auxiliis

193 3430 295 3504 atque
331 3422 541 3486 adminiculis
575 3423 777 3499 dialecticae,
800 3423 891 3487 nulla
923 3445 1057 3506 prorsus
1085 3423 1218 3487 suberat
1248 3443 1346 3504 spes;

192 3535 368 3608 propterea
397 3527 488 3610 quod
519 3526 673 3590 notiones
700 3547 808 3590 rerum
838 3528 971 3610 primae,
997 3549 1081 3611 quas
1108 3547 1201 3590 mens
1225 3526 1346 3591 haustu

192 3627 279 3693 sacili
295 3638 329 3692 et
344 3630 463 3712 supino
479 3631 603 3712 excipit
619 3632 766 3695 recondit
784 3640 884 3713 atque
902 3630 1088 3696 accumulat
1105 3627 1206 3715 (unde
1222 3629 1346 3711 reliqua

191 3732 304 3796 omnia
334 3730 462 3820 fluunt),
489 3733 628 3797 vitiosae
651 3733 718 3796 sint
745 3743 778 3797 et
805 3732 960 3798 confusae
986 3743 1019 3797 et
1049 3744 1173 3798 temere
1200 3753 1220 3796 a
1250 3733 1346 3795 rebus

191 3835 398 3914 abstractae3
423 3857 530 3918 neque
552 3837 659 3900 minor
680 3836 723 3900 sit
745 3837 777 3898 in
800 3837 952 3901 secundis
976 3846 1010 3900 et
1033 3837 1163 3918 reliquis
1187 3835 1290 3898 libido
1312 3843 1346 3898 et

191 3939 433 4018 inconstantia3
463 3960 508 4002 ex
530 3960 598 4022 quo
619 3940 665 4018 fit,
683 3949 720 4004 ut
742 3941 892 4003 universa
916 3939 979 4002 ista
1001 3940 1084 4002 ratio
1107 3938 1261 4017 humana,
1279 3957 1346 4019 qua

190 4043 314 4106 utimur
343 4044 452 4125 quoad
484 4043 728 4126 inquisitionem
759 4051 902 4120 naturae,
929 4062 995 4106 non
1021 4043 1106 4105 bene
1132 4050 1288 4124 congesta
1311 4051 1345 4106 et

189 4145 363 4210 aedificata
386 4147 438 4224 sit,
456 4147 514 4210 sed
537 4157 697 4230 tanquam
721 4147 825 4211 moles
846 4146 956 4229 aliqua
980 4145 1153 4228 magnifica
1176 4146 1246 4208 sine
1272 4145 1346 4208 lun·

187 4251 357 4316 damento.
411 4253 501 4316 Dum
525 4252 613 4315 enim
637 4251 736 4316 salsas
761 4253 882 4318 mentis
904 4252 988 4316 vires
1012 4251 1171 4314 mirantur
1193 4249 1346 4312 homines

187 4363 222 4419 et
252 4354 428 4434 celebrant,
453 4375 548 4419 veras
576 4355 724 4437 ejusdem
746 4377 832 4438 quae
859 4377 932 4420 esse
961 4355 1090 4438 possint
1117 4350 1158 4439 (si
1180 4353 1294 4417 debita
1317 4353 1346 4417 ei

185 4457 408 4524 adhibeantur
430 4459 563 4538 auxilia,
591 4469 692 4542 atque
715 4461 786 4544 ipsa
816 4461 913 4524 rebus
937 4460 1098 4542 morigera
1128 4457 1179 4536 sit,
1204 4478 1262 4521 nec
1286 4458 1347 4519 im·

185 4571 343 4647 potenter
372 4563 469 4627 rebus
500 4562 648 4644 insultet)
673 4573 883 4648 praetereunt
913 4572 946 4628 et
977 4564 1129 4647 perdunt.
1184 4561 1347 4626 Restabat
