3220 5102
352 387 415 458 502
729 377 885 436 novum
907 375 1126 433 oncnnulr.

352 552 482 616 videtur
504 567 575 612 esse
597 543 752 628 cognatio
776 545 940 626 quaedam
964 544 1048 609 inter
1074 563 1210 626 corpora
1228 553 1262 608 et
1282 542 1415 608 fomites
1439 542 1509 606 sive

353 657 511 719 alimenta
533 671 601 715 sua.
647 649 769 712 Fomes
791 659 902 712 autem
925 647 1080 712 flammae
1097 649 1227 712 videtur
1244 668 1318 712 esse
1339 647 1454 712 oleum
1476 654 1509 710 et

353 758 506 842 pinguia;
530 753 623 830 aeris,
638 773 726 834 aqua
749 761 782 816 et
804 771 930 834 aquea:
954 751 1110 816 flammae
1125 753 1212 816 enim
1233 750 1458 834 multiplicant
1473 771 1508 814 se

352 881 450 943 super
461 858 584 922 halitus
595 855 667 933 olei,
676 860 733 917 aer
742 874 839 936 super
849 874 989 936 vapores
1000 853 1154 936 aquae⁸⁵.
1190 855 1382 919 Videndum
1392 856 1508 937 itaque

353 964 396 1028 de
408 964 544 1027 mistura
558 980 664 1042 aquae
680 967 713 1022 et
729 958 801 1032 olei,
812 977 898 1039 quae
913 977 949 1020 se
965 957 1155 1022 manifestat
1170 959 1213 1022 ad
1229 979 1382 1036 sensum;
1401 979 1508 1041 quan·

352 1067 532 1150 doquidem
550 1065 686 1128 mistura
701 1063 785 1126 aeris
801 1070 835 1124 et
850 1060 995 1126 flammei
1010 1063 1138 1144 generis
1154 1062 1259 1144 fugiat
1274 1083 1420 1127 sensum.
1457 1062 1506 1127 At

351 1171 462 1236 oleum
478 1180 511 1235 et
525 1189 613 1251 aqua
628 1168 712 1231 inter
725 1187 760 1231 se
775 1185 835 1248 per
850 1165 1124 1248 compositionem
1139 1175 1197 1230 aut
1212 1165 1431 1249 agitationem
1448 1165 1506 1228 irn-

351 1265 496 1358 periecte
511 1271 693 1336 admodum
710 1270 908 1334 miscentur:
932 1268 1050 1332 eadem
1066 1269 1099 1331 in
1110 1267 1229 1347 herbis,
1241 1279 1274 1333 et
1289 1269 1462 1352 sanguine,
1473 1279 1505 1333 et

352 1378 500 1460 partibus
523 1375 724 1446 animalium,
748 1380 900 1436 accurate
922 1380 956 1434 et
978 1371 1119 1435 delicate
1142 1372 1327 1437 miscentur.
1386 1373 1505 1454 Itaque

351 1483 458 1547 simile
480 1481 640 1564 quiddam
663 1478 732 1542 fieri
755 1477 859 1560 possit
885 1474 971 1539 circa
998 1475 1169 1539 misturam
1193 1476 1338 1540 flammei
1361 1486 1397 1540 et
1420 1479 1503 1541 aerei

351 1587 480 1670 generis
496 1587 528 1649 in
544 1583 745 1667 spiritalibus
753 1578 795 1645 ⁸⁰:
818 1601 903 1663 quae
922 1601 981 1663 per
996 1579 1221 1646 confusionem
1236 1581 1423 1664 simplicem
1441 1602 1504 1644 non

351 1692 436 1756 bene
451 1690 614 1754 sustinent
629 1688 810 1760 misturam,
821 1685 940 1748 eadem
956 1692 1069 1747 tamen
1084 1685 1117 1747 in
1132 1686 1299 1768 spiritibus
1314 1686 1502 1769 plantarum

352 1805 385 1859 et
401 1792 592 1858 animalium
609 1791 736 1854 misceri
751 1789 923 1866 videntur3
947 1789 1140 1870 praesertim
1156 1809 1231 1852 cum
1246 1791 1354 1854 omnis
1369 1791 1502 1872 spiritus

351 1877 516 1962 animatus
532 1894 690 1977 depascat
706 1892 841 1956 humida
856 1901 1004 1974 utraque,
1017 1912 1124 1975 aquea
1140 1902 1173 1956 et
1188 1893 1331 1977 pinguia,
1343 1903 1500 1976 tanquam

352 1999 482 2065 fomites
497 2020 584 2063 suos.
876 1983 879 1990 ¹

397 2101 556 2167 Similiter
571 2102 598 2165 si
614 2121 680 2166 non
692 2099 738 2164 de
754 2099 1002 2184 perfectioribus
1019 2101 1162 2166 misturis
1177 2101 1382 2185 spiritalium,
1392 2102 1452 2166 sed
1463 2101 1499 2164 de

352 2205 591 2289 compositione
611 2213 741 2268 tantum
757 2205 958 2287 inquiratur;
981 2224 1110 2287 nempe,
1126 2214 1234 2269 utrum
1254 2205 1350 2269 facile
1369 2206 1456 2268 inter
1468 2225 1498 2268 se

351 2308 607 2393 incorporentur,
628 2329 671 2372 an
695 2309 805 2391 potius
826 2305 986 2394 (exempli
1009 2306 1129 2393 gratia)
1149 2310 1215 2372 sint
1232 2308 1335 2392 aliqui
1355 2310 1448 2372 venti
1469 2318 1497 2372 et

351 2413 589 2492 exhalationes,
612 2421 670 2476 aut
692 2413 757 2476 alia
780 2433 916 2494 corpora
938 2412 1105 2495 spiritalia,
1127 2433 1213 2496 quae
1236 2433 1302 2477 non
1326 2415 1496 2476 miscentur

351 2537 428 2582 cum
450 2524 526 2582 aere
548 2516 723 2592 communi,
749 2517 807 2589 sed
834 2526 965 2581 tantum
987 2516 1124 2581 haerent
1145 2526 1179 2580 et
1202 2525 1319 2581 natant
1341 2518 1376 2580 in
1400 2537 1448 2594 ee,
1467 2515 1496 2578 in

350 2621 493 2705 globulis
516 2631 550 2686 et
572 2621 684 2704 guttis,
708 2629 742 2684 et
764 2622 873 2704 potius
896 2621 1091 2703 franguntur
1110 2641 1150 2684 ac
1172 2622 1439 2685 comminuuntur
1458 2621 1494 2682 ab

350 2731 426 2788 aere
441 2745 543 2807 quarn
559 2725 592 2786 in
607 2724 717 2806 ipsum
734 2725 935 2806 recipiuntur
950 2733 983 2787 et
1002 2725 1270 2806 incorporantur:
1292 2723 1356 2789 hoc
1378 2726 1411 2787 in
1429 2731 1494 2787 atre

351 2829 519 2892 communi
532 2835 565 2892 et
581 2827 653 2891 aliis
666 2828 875 2910 spiritalibus,
890 2829 934 2892 ob
950 2828 1167 2892 subtilitatem
1179 2848 1365 2910 corporum,
1381 2827 1492 2911 percipi
1562 2907 1563 2916 ἵ

350 2930 393 2994 ad
417 2951 549 2995 sensum
573 2951 638 2994 non
662 2941 793 3015 potest;
824 2941 974 2996 attamen
997 2932 1107 3014 imago
1133 2932 1298 3013 quaedam
1323 2931 1424 3012 hujus
1446 2930 1491 3004 rei,
1560 2957 1562 3017 ρ

351 3044 515 3116 quatenus
546 3035 613 3112 fiat,
636 3035 763 3118 concipi
786 3035 890 3118 possit
920 3035 953 3098 in
983 3034 1163 3118 liquoribus
1185 3036 1312 3117 argenti
1332 3036 1408 3112 vivi,
1430 3033 1490 3108 olei,
1558 3095 1559 3121 ,

351 3157 477 3219 aquae3
501 3146 601 3220 atque
614 3141 713 3202 etiam
730 3140 763 3203 in
776 3147 859 3218 aere,
870 3148 903 3203 et
915 3139 1073 3204 fractione
1089 3138 1167 3221 ejus,
1177 3141 1312 3221 quando
1327 3139 1491 3221 dissipatur
1556 3141 1558 3224 ,l

352 3249 386 3304 et
404 3241 554 3304 ascendit
573 3240 605 3304 in
624 3243 732 3324 parvis
755 3244 969 3326 portiunculis
989 3263 1048 3326 per
1069 3264 1209 3326 aquam3
1232 3253 1332 3326 atque
1350 3244 1448 3307 etiarn
1464 3242 1488 3303 in

350 3344 449 3408 fumis
465 3345 696 3424 crassioribus3
719 3347 862 3429 denique
882 3348 914 3410 in
931 3348 1064 3431 pulvere
1080 3349 1227 3412 excitato
1246 3358 1279 3412 et
1296 3347 1450 3411 haerente
1463 3344 1488 3406 in

351 3453 446 3525 aeire3
470 3447 503 3510 in
519 3448 637 3530 quibus
652 3448 805 3513 omnibus
824 3470 891 3513 non
906 3450 944 3514 fit
960 3450 1190 3534 incorporatio·
1234 3449 1350 3533 Atque
1372 3468 1487 3532 reprae·

350 3551 494 3615 sentatio
512 3550 682 3633 praedicta
697 3552 730 3616 in
746 3552 809 3617 hoc
824 3553 974 3635 subjecto
991 3573 1057 3616 non
1073 3553 1161 3617 mala
1179 3562 1239 3628 est,
1255 3554 1281 3616 si
1297 3552 1379 3617 illud
1396 3552 1486 3635 primo
1548 3537 1550 3582 l

350 3654 527 3738 diligenter
541 3655 732 3738 inquisitum
748 3655 853 3734 fuerit,
870 3667 978 3721 utrum
995 3658 1100 3740 possit
1115 3677 1186 3721 esse
1201 3657 1277 3721 talis
1291 3655 1485 3739 heterogenia
1546 3665 1548 3735 ,¹

350 3759 435 3823 inter
449 3759 609 3842 spiritalia
625 3760 731 3843 qualis
747 3761 911 3825 invenitur
925 3761 1010 3825 inter
1025 3761 1168 3844 liquida3
1185 3783 1262 3825 nam
1277 3771 1349 3826 tum
1365 3761 1483 3824 demum
1544 3757 1546 3835 J

348 3861 431 3925 haec
446 3862 620 3927 simulacra
634 3885 693 3946 per
708 3863 911 3947 Analogiam
927 3884 994 3928 non
1010 3865 1221 3930 incommode
1235 3866 1470 3930 substituentur.
1542 3857 1544 3941 ,¹

391 3963 507 4047 Atque
533 3967 575 4029 de
598 3965 768 4031 instantiis
792 3967 863 4031 istis
884 3967 1100 4050 supplementi,
1121 3969 1211 4051 quod
1234 3969 1381 4033 diximus
1403 3965 1482 4030 infor·
1539 3949 1542 4095 s

349 4131 594 4143 ..--..--
1467 4129 1478 4139 .
1538 4117 1539 4143 r

366 4226 405 4363 1²⁶
423 4231 474 4282 See
493 4229 564 4299 Aph.
584 4235 617 4297 48
638 4230 706 4302 (rr),
725 4231 779 4284 and
801 4231 849 4287 the
872 4239 939 4287 note
958 4250 1033 4302 upon
1054 4232 1104 4288 the
1126 4233 1237 4302 parallel
1258 4248 1369 4302 passage
1390 4233 1415 4285 in
1434 4228 1479 4281 thu

346 4323 487 4449 pau“lelhe
500 4397 508 4427 ‘
515 4396 624 4464 spiritus
636 4397 742 4466 vitalis’
756 4400 777 4453 it
790 4399 844 4454 will
857 4400 892 4455 be
905 4399 1081 4468 recollected,
1094 4415 1149 4454 was
1163 4398 1297 4468 regarded
1313 4397 1350 4468 by
1363 4397 1445 4452 Bacon
1455 4409 1475 4446 as

348 4478 497 4544 composed
509 4478 542 4532 of
551 4480 592 4534 air
604 4480 657 4534 and
668 4481 758 4538 flame.
