3220 5102
328 411 395 492 476
707 423 864 479 NOVUM
884 421 1105 480 ORGANUM,

328 592 406 646 sunt
427 581 683 661 inflammabilia‚
699 585 811 667 qualia
831 593 908 650 sunt
931 585 1076 668 sulphur,
1097 582 1250 666 caphura,
1271 582 1433 668 naphtha,
1449 593 1481 649 et

330 684 526 766 hujusmodi,
542 708 616 751 cum
633 707 746 751 eorum
762 689 928 766 misturis;
953 707 1038 770 quae
1058 688 1154 752 citius
1175 697 1209 751 et
1224 687 1353 751 facilius
1375 689 1481 753 conci·

330 789 425 869 piunt
448 791 617 854 flammam
636 811 736 874 quarn
760 792 867 874 pulvis
890 794 1013 874 pyrius‚
1033 793 1060 856 si
1082 813 1148 856 non
1171 792 1417 874 impediantur:
1441 811 1480 855 ex

331 909 397 972 quo
417 893 521 974 liquet
540 897 726 976 appetitum
745 895 973 958 inflammandi
996 914 1056 976 per
1075 915 1111 958 se
1130 894 1284 958 effectum
1300 895 1397 958 illum
1417 903 1482 958 stu·

330 996 477 1076 pendum
493 1018 559 1060 non
575 1000 712 1080 operari.
756 997 911 1062 Alterum
928 1016 1042 1062 eorum
1060 1017 1147 1081 quae
1165 998 1336 1062 flammam
1353 997 1482 1078 fugiunt

331 1108 366 1162 et
388 1100 576 1174 exhorrent,
592 1103 703 1184 qualia
721 1111 798 1166 sunt
817 1103 902 1166 sales
922 1121 1048 1166 omnes.
1092 1103 1254 1166 Videmus
1275 1103 1375 1180 enim,
1392 1103 1419 1164 si
1435 1101 1482 1182 ja·

332 1201 459 1266 ciantur
481 1205 514 1268 in
545 1207 665 1288 ignem,
687 1207 839 1289 spiritum
868 1225 1012 1288 aqueum
1047 1225 1218 1288 erumpere
1248 1225 1324 1269 cum
1357 1205 1481 1287 fragore

332 1314 512 1388 antequam
529 1308 664 1372 flamma
680 1311 901 1394 concipiatur3
924 1311 1015 1392 quod
1036 1311 1136 1374 etiam
1155 1311 1273 1374 leniter
1287 1310 1325 1372 fit
1350 1310 1385 1371 in
1401 1308 1481 1371 foliis

332 1408 432 1490 paulo
448 1415 754 1491 contumacioribus,
772 1423 866 1496 parte
881 1431 989 1496 aquea
1005 1423 1200 1496 erumpente
1217 1423 1402 1495 antequam
1419 1411 1481 1474 ole-

331 1531 390 1574 osa
405 1516 569 1598 concipiat
584 1516 764 1581 flammam.
810 1516 877 1580 Sed
896 1517 1042 1580 maxime
1058 1519 1200 1582 cernitur
1214 1517 1277 1580 hoc
1293 1517 1327 1579 in
1344 1523 1479 1597 argento

332 1616 415 1694 vivo,
427 1621 516 1700 quod
530 1641 596 1683 non
610 1621 698 1684 male
709 1621 828 1684 dicitur
838 1640 925 1702 aqua
938 1620 1112 1684 mineralis.
1158 1620 1232 1682 Hoc
1248 1620 1347 1697 enim,
1359 1619 1481 1698 absque

332 1718 600 1802 inflammatione,
610 1744 669 1806 per
680 1724 885 1804 eruptionem
898 1733 931 1786 et
948 1722 1187 1805 expansionem
1199 1722 1388 1804 simplicem
1400 1720 1479 1782 vires

333 1821 476 1902 pulveris
498 1827 582 1906 pyrii
605 1825 672 1888 fere
693 1826 882 1908 adaequat;
908 1825 999 1907 quod
1023 1827 1124 1890 etiam
1144 1826 1336 1888 admixtum
1358 1821 1478 1907 pulveri

333 1927 429 2007 pyrio
445 1927 515 2007 ejus
529 1929 614 1991 vires
630 1928 849 2010 multiplicare
864 1929 992 1994 dicitur.

376 2026 426 2112 (8)
450 2029 608 2095 Similiter
623 2033 665 2095 sit
681 2042 798 2096 natura
818 2033 984 2114 inquisita,
1000 2031 1205 2096 Transitoria
1223 2031 1354 2095 Natura
1375 2030 1480 2094 Flam·

334 2149 416 2209 mae,
430 2143 462 2196 et
475 2133 647 2199 Extinctio
663 2137 733 2220 ejus
747 2137 993 2201 Momentanea.
1026 2135 1104 2199 Non
1120 2137 1208 2199 enim
1224 2137 1358 2200 videtur
1369 2146 1479 2199 natura

333 2234 488 2300 flammea
511 2238 563 2303 hic
585 2243 674 2323 apud
699 2261 759 2304 nos
783 2241 840 2323 figi
868 2250 902 2304 et
929 2241 1117 2314 consistere,
1141 2241 1200 2302 sed
1226 2240 1366 2322 singulis
1393 2236 1479 2320 quasi

333 2343 510 2404 momentis
529 2347 686 2424 generari,
702 2354 736 2409 et
756 2346 870 2408 statim
890 2345 1049 2426 extingui.
1096 2342 1313 2407 Manifestum
1328 2344 1419 2406 enim
1434 2349 1479 2404 est

332 2443 366 2506 in
383 2443 533 2526 flammis,
549 2470 633 2530 quae
649 2450 701 2513 hic
720 2451 952 2513 continuantur
967 2458 1001 2512 et
1017 2449 1146 2525 durant,
1161 2447 1259 2510 istam
1275 2449 1477 2510 durationem

335 2568 403 2612 non
426 2567 497 2614 esse
521 2551 668 2632 ejusdem
691 2552 846 2616 flammae
866 2554 899 2615 in
924 2552 1102 2629 individuo,
1118 2553 1176 2615 sed
1196 2550 1265 2614 fieri
1284 2571 1346 2632 per
1360 2567 1479 2613 succes·

336 2653 463 2717 sionem
493 2676 599 2719 novae
631 2656 787 2720 flammae
819 2657 964 2720 seriatim
998 2665 1184 2738 generatae,
1209 2656 1346 2718 minime
1376 2663 1479 2718 autem

338 2775 471 2821 manere
486 2761 626 2823 eandem
648 2760 818 2824 flammam
835 2781 991 2838 numer03
1014 2762 1047 2824 id
1068 2760 1158 2843 quod
1178 2759 1274 2824 facile
1294 2759 1481 2842 perspicitur

338 2881 382 2924 ex
398 2863 469 2941 hoc,
485 2865 583 2946 quod,
598 2866 767 2928 subtracto
783 2865 942 2930 alimento
957 2866 1026 2928 sive
1041 2864 1157 2928 fomite
1172 2863 1336 2942 flammae,
1351 2863 1478 2926 flamma

337 2968 450 3030 statim
476 2979 598 3049 pereat.
644 2969 775 3032 Bivium
802 2978 915 3033 autem
942 2971 1027 3033 circa
1050 2969 1136 3032 hanc
1160 2978 1311 3032 naturam
1334 2967 1404 3032 tale
1425 2972 1478 3027 est.

339 3069 577 3136 Momentanea
595 3075 655 3137 ista
672 3083 789 3137 natura
811 3082 870 3137 aut
888 3073 925 3136 fit
941 3074 1130 3136 remittente
1145 3092 1181 3135 se
1197 3091 1295 3135 causa
1311 3091 1398 3153 quae
1411 3083 1477 3131 eam

337 3175 445 3256 primo
467 3176 591 3256 genuit,
615 3186 651 3240 ut
674 3178 707 3240 in
730 3177 865 3252 lumine,
888 3177 987 3251 sonis,
1011 3185 1045 3240 et
1070 3175 1214 3240 motibus
1234 3172 1333 3259 (quos
1352 3165 1479 3252 vocant)

337 3278 510 3356 violentis;
533 3287 591 3342 aut
606 3282 695 3362 quod
712 3279 846 3343 flamma
863 3281 896 3342 in
913 3290 1030 3344 natura
1049 3299 1108 3343 sua
1129 3281 1235 3362 possit
1249 3280 1303 3342 hic
1317 3278 1408 3360 apud
1425 3291 1476 3338 nos

339 3399 481 3459 manere,
504 3384 561 3446 sed
585 3404 605 3446 a
627 3385 796 3448 contrariis
819 3384 944 3448 naturis
971 3383 1173 3447 circumfusis
1195 3383 1263 3446 vim
1286 3384 1430 3465 patiatur
1449 3385 1477 3440 et

339 3485 527 3549 destruatur
536 3485 571 3549 ¹⁶.

372 3687 394 3721 ¹⁶
412 3690 644 3745 Theextinction
661 3689 694 3744 of
708 3691 815 3744 aflame
832 3692 863 3758 is,
876 3688 908 3744 of
923 3705 1031 3757 course,
1044 3691 1098 3744 due
1117 3697 1148 3744 to
1164 3689 1213 3744 the
1231 3689 1327 3758 supply
1339 3687 1372 3742 of
1387 3703 1438 3741 oue
1448 3699 1475 3736 or

336 3775 418 3828 other
438 3774 471 3828 of
489 3776 537 3828 the
558 3791 643 3842 gases‚
661 3775 763 3842 hythe
782 3773 970 3828 combination
989 3773 1022 3828 of
1039 3773 1129 3826 which
1150 3773 1172 3826 it
1194 3774 1216 3826 is
1236 3772 1387 3841 produced,
1405 3769 1475 3832 heinr

335 3865 383 3912 cut
395 3858 442 3912 off.
479 3861 515 3911 So
528 3859 570 3911 far
587 3861 609 3911 is
624 3859 808 3926 atmospheric
825 3857 865 3910 air
877 3857 950 3910 from
967 3856 1049 3924 being
1061 3858 1178 3911 inimical
1191 3864 1221 3910 to
1234 3857 1314 3910 flame
1326 3858 1396 3922 thar,
1409 3857 1433 3908 in
1445 3853 1474 3918 by

335 3958 400 4011 very
412 3941 454 3995 far
467 3943 514 3995 the
531 3949 607 4009 great
625 3942 755 4010 majority
766 3939 799 3993 of
813 3956 898 4006 cases,
910 3941 958 3994 the
975 3957 1084 4010 oxygen
1101 3939 1189 3994 which
1203 3941 1224 3994 is
1240 3941 1388 3994 contained
1405 3941 1430 3992 in
1441 3936 1475 3988 air

334 4025 356 4076 is
369 4041 422 4078 one
435 4023 468 4078 of
476 4025 524 4078 the
537 4041 613 4092 gases
625 4025 661 4093 by
671 4024 719 4076 the
729 4024 915 4076 combination
928 4022 960 4076 of
969 4023 1059 4077 which
1072 4025 1151 4077 llame
1164 4024 1186 4077 is
1198 4025 1356 4092 generated.
1387 4025 1423 4077 At
1433 4020 1472 4073 the

333 4110 496 4174 sometime,
509 4109 587 4162 when
601 4123 708 4176 oxygen
722 4108 743 4160 is
755 4107 863 4160 carried
876 4115 907 4160 to
920 4107 968 4160 the
980 4123 1047 4176 very
1059 4107 1137 4161 heart
1150 4107 1207 4162 oia
1219 4108 1307 4174 fleme,
1320 4109 1342 4161 it
1356 4103 1473 4170 instantly

334 4207 479 4245 consumes
490 4192 537 4244 the
550 4192 631 4245 other
643 4207 697 4258 gas,
710 4190 764 4244 and
777 4207 808 4244 so
820 4207 883 4260 may
895 4191 1050 4258 extinguish
1061 4190 1110 4244 the
1122 4191 1203 4245 llame
1214 4192 1251 4260 by
1261 4193 1418 4261 destroying
1428 4200 1472 4242 one

336 4273 369 4328 of
378 4277 413 4328 its
424 4275 616 4329 constituente.

371 4361 416 4411 On
441 4358 489 4412 the
513 4365 611 4412 nature
635 4357 666 4409 of
690 4357 783 4411 Flame
805 4356 848 4428 (of
870 4357 960 4410 which
980 4355 1073 4410 Bacon
1094 4371 1150 4412 was
1171 4357 1247 4426 quite
1272 4356 1417 4425 ignorant),
1435 4365 1473 4407 see

338 4441 480 4510 Tyndall's
505 4442 581 4495 Heat
605 4457 622 4495 a
647 4441 734 4494 Mode
757 4439 790 4494 of
819 4441 938 4508 Molion,
965 4440 1018 4492 rud
1044 4438 1106 4509 Ed,
1131 4442 1146 4510 ς
1174 4459 1216 4509 49,
1241 4441 1301 4508 &c.‚
1325 4457 1358 4496 or
1382 4431 1473 4492 wnrs'

337 4525 498 4593 Dictionary
510 4524 542 4576 of
555 4524 720 4594 Chemistry‚
732 4525 828 4579 article
840 4527 848 4555 ‘
858 4524 1057 4579 Combustion.'
