3324 5110
641 433 722 490 ΜΒ.
747 435 771 488 J.
797 445 957 511 99—102.
1311 445 1374 516 299

218 603 325 659 tutem
344 602 380 659 et
398 595 644 676 conditionem
667 595 752 663 hanc
774 597 935 678 videlicet,
951 599 1040 682 quod
1065 615 1232 683 nunquam
1257 597 1373 664 fallant

220 710 278 764 aut
293 700 499 765 frustrentur.
546 701 632 766 Cum
651 703 739 766 enim
762 704 804 767 ad
828 703 890 767 hoc
910 704 1138 781 adhibeantur,
1156 724 1222 767 non
1239 713 1276 766 ut
1290 724 1374 786 opus

219 803 354 886 aliquod
376 805 518 869 efficiant
541 808 599 869 sed
624 817 660 870 ut
683 827 816 870 causam
839 807 1021 872 naturalem
1038 808 1070 871 in
1089 807 1201 890 aliquo
1217 807 1371 882 revelent,

221 927 484 992 quaquaversum
519 912 650 990 cadunt,
684 911 857 975 intentioni
891 932 997 994 aeque
1030 911 1255 991 satisfaciunt3
1297 931 1372 975 curn

219 1015 448 1094 quaestionem
464 1016 651 1081 terminent.

779 1125 816 1194 C.

263 1245 315 1310 At
335 1267 401 1311 non
419 1248 527 1312 solum
551 1250 646 1333 copia
664 1249 770 1331 major
792 1249 1095 1334 experimentorum
1111 1250 1299 1332 quaerenda
1322 1259 1372 1314 est

218 1361 252 1413 et
268 1353 481 1432 procuranda,
499 1362 601 1436 atque
623 1354 724 1417 etiam
746 1353 882 1417 alterius
903 1355 1040 1437 generis,
1055 1373 1156 1436 quam
1176 1352 1285 1417 adhuc
1306 1351 1372 1417 fac·

219 1464 290 1517 tum
307 1465 377 1533 est;
398 1456 456 1519 sed
473 1457 572 1520 etiam
590 1455 798 1522 methodus⁸¹
813 1456 911 1539 plane
926 1458 990 1521 alia
1006 1468 1039 1521 et
1055 1458 1136 1521 ordo
1153 1466 1186 1520 et
1202 1477 1373 1539 processus

219 1561 462 1624 continuandae
499 1570 532 1625 et
575 1561 805 1643 provehendae
843 1561 1080 1644 Experientiae
1124 1562 1372 1626 introducenda.

219 1660 315 1746 Vaga
331 1664 418 1726 enim
436 1663 653 1747 Experientia
669 1676 703 1730 et
719 1687 754 1730 se
769 1675 900 1731 tantum
916 1687 1056 1749 sequens
1072 1664 1124 1752 (ut
1140 1665 1288 1748 superius
1304 1667 1372 1729 dic·

218 1775 291 1830 turn
307 1764 401 1855 est⁸²)
418 1789 508 1832 mera
519 1769 666 1852 palpatio
678 1780 737 1848 est,
749 1781 782 1834 et
796 1770 947 1834 homines
959 1771 1070 1853 potius
1082 1769 1258 1852 stupefacit
1270 1788 1371 1851 quam

219 1870 384 1936 informat.
429 1871 578 1952 Atreum
598 1873 817 1958 Experientia
836 1875 909 1958 lege
932 1885 1022 1939 certa
1044 1875 1209 1957 procedet,
1225 1874 1371 1938 seriatim

219 1984 253 2038 et
269 1977 482 2056 continenter,
498 1979 540 2042 de
556 1978 699 2044 scientiis
714 1979 838 2063 aliquid
855 1980 972 2044 melius
987 1979 1109 2064 sperari
1125 1979 1254 2063 poterit.

769 2153 825 2219 CI.

263 2269 444 2354 Postquam
474 2291 552 2335 vero
582 2272 677 2354 copia
707 2282 740 2337 et
770 2275 923 2339 materies
949 2275 1116 2339 Historiae
1141 2271 1311 2338 Naturalis
1338 2282 1372 2336 et

220 2371 464 2456 Experientiae,
492 2375 566 2439 talis
592 2378 698 2458 qualis
724 2377 767 2442 ad
794 2401 877 2461 opus
904 2378 1089 2443 intellectus
1119 2378 1187 2441 sive
1214 2379 1256 2441 ad
1286 2397 1370 2458 opus

218 2477 482 2562 philosophicum
508 2482 686 2563 requiritur,
712 2493 844 2564 praesto
868 2483 938 2576 jam
969 2484 1010 2546 sit
1035 2492 1068 2546 et
1094 2491 1229 2566 parata3
1261 2496 1370 2544 tamen

218 2583 309 2646 nullo
339 2586 440 2648 modo
463 2585 581 2650 sufficit
612 2585 806 2667 intellectus,
831 2597 867 2650 ut
900 2589 932 2650 in
965 2586 1055 2650 illam
1090 2587 1261 2649 materiem
1292 2593 1371 2667 agat

218 2697 338 2768 sponte
353 2697 387 2751 et
403 2687 609 2768 memoriter3
634 2709 700 2753 non
717 2693 830 2772 magis,
842 2711 942 2773 quam
958 2691 985 2753 si
1000 2691 1073 2773 quis
1088 2688 1369 2770 computationem

217 2789 354 2872 alicujus
381 2791 598 2874 ephemeridis
620 2796 810 2858 memoriter
835 2816 870 2858 se
897 2803 1009 2858 tenere
1035 2804 1067 2859 et
1092 2813 1245 2875 superare
1272 2811 1370 2876 posse

218 2903 336 2976 speret.
390 2893 506 2978 Atque
528 2896 686 2961 hactenus
709 2907 821 2962 tamen
844 2899 988 2980 potiores
1012 2897 1235 2962 meditationis
1258 2903 1369 2978 partes

217 3017 317 3079 quam
340 2999 524 3081 scriptionis
546 3001 579 3063 in
602 3001 798 3066 inveniendo
822 3001 972 3081 fuerunt3
996 3022 1102 3084 neque
1124 3000 1232 3064 adhuc
1254 2999 1369 3081 Expe-

218 3103 333 3166 rientia
349 3104 478 3168 literata
487 3102 514 3141 ⁸³
528 3105 615 3168 facta
631 3116 682 3170 est
696 3133 702 3170 :
727 3108 818 3189 atqui
835 3107 924 3171 nulla
947 3109 1008 3170 nisi
1024 3107 1066 3171 de
1084 3107 1207 3188 scripto
1222 3105 1369 3168 inventio

216 3207 386 3288 probanda
410 3217 468 3274 est.
515 3209 577 3273 Illa
598 3231 676 3274 vero
700 3213 732 3274 in
756 3232 851 3275 usum
875 3214 1070 3291 inveniente,
1088 3211 1132 3275 ab
1151 3208 1368 3294 Experientia

217 3311 304 3376 facta
320 3314 454 3377 demum
471 3314 600 3379 literata
615 3316 731 3381 melius
747 3317 956 3399 sperandum.

755 3485 829 3552 CII.

259 3605 375 3688 Atque
388 3607 520 3690 insuper
532 3628 607 3672 cum
622 3617 735 3673 tantus
749 3611 793 3673 sit
806 3609 1051 3693 particularium
1064 3627 1217 3672 numerus
1229 3615 1263 3669 et
1274 3605 1368 3688 quasi

216 3712 389 3788 exercitus,
405 3711 497 3793 isque
511 3713 558 3776 ita
573 3733 704 3795 sparsus
719 3722 753 3777 et
768 3714 914 3791 diffusus,
930 3723 966 3777 ut
981 3713 1186 3776 intellectum
1202 3711 1367 3791 disgreget

251 3887 270 3920 ⁶¹
292 3891 378 3943 What
395 3891 501 3944 follows
517 3892 540 3945 is
556 3908 572 3945 a
588 3907 665 3946 mere
684 3891 832 3960 repetition
849 3891 881 3944 of
896 3891 969 3945 what
987 3891 1035 3946 has
1051 3891 1161 3960 already
1173 3891 1245 3944 been
1262 3889 1320 3943 said
1338 3890 1365 3942 in

214 3973 263 4028 the
275 3973 423 4043 preceding
436 3976 604 4044 Aphorisms.

251 4053 272 4086 ³¹¹
290 4057 361 4125 Aph.
375 4063 418 4112 82.

251 4137 273 4170 ⁸³
292 4141 339 4194 He
356 4141 378 4194 is
395 4141 525 4210 speaking
542 4141 609 4195 here
627 4141 660 4194 of
675 4141 848 4210 experience,
862 4139 922 4192 that
942 4141 972 4206 is,
984 4139 1172 4192 observations
1191 4138 1245 4191 and
1257 4139 1365 4206 experi-

215 4230 314 4290 ments,
327 4225 490 4279 committed
504 4233 534 4278 tu
547 4227 664 4293 writing.
683 4226 739 4278 But
753 4226 779 4277 in
793 4224 878 4293 hphs.
891 4241 948 4290 103,
961 4240 1019 4288 rro,
1029 4223 1078 4275 the
1092 4223 1251 4292 expression
1265 4225 1366 4290 ‘expe

214 4309 314 4361 rientia
326 4307 446 4362 literata'
461 4311 483 4362 is
496 4309 562 4362 used
575 4311 602 4362 in
615 4309 662 4362 the
680 4325 755 4362 same
771 4325 849 4362 sense
863 4323 892 4360 as
905 4308 932 4360 in
945 4307 993 4361 the
1011 4323 1121 4375 passage
1140 4305 1250 4374 already
1262 4306 1367 4374 quoted

213 4391 286 4444 from
308 4390 356 4444 the
379 4391 424 4445 De
447 4393 615 4461 augmentis,
636 4392 682 4447 lib.
695 4409 720 4445 v.
743 4409 802 4461 cap.
818 4411 842 4458 a,
864 4392 979 4460 namely,
999 4399 1030 4445 to
1050 4390 1151 4443 denote
1169 4406 1186 4442 a
1204 4389 1319 4442 method
1337 4389 1369 4441 of

214 4474 369 4542 consulting
396 4476 559 4543 experience
591 4475 783 4529 intermediate
807 4475 934 4528 between
959 4477 1051 4528 ‘mera
1076 4473 1208 4543 palpatio’
1233 4472 1288 4526 and
1318 4473 1366 4527 the

214 4557 333 4612 ‘novum
352 4559 505 4626 organum?
542 4560 593 4614 See
611 4565 678 4613 note
692 4575 725 4626 74
744 4575 780 4614 on
797 4559 866 4629 Aph.
880 4574 923 4622 ⁷0·
