3306 5102
297 429 360 499 372
673 423 830 479 rvovvrv
851 423 1070 480 onoxnurv.

296 586 478 671 apparebit,
504 586 531 650 si
558 585 630 650 loco
660 607 768 669 aquae
793 587 993 652 immittatur
1018 587 1129 651 oleum
1142 586 1190 667 2ο;
1222 587 1333 651 oleum
1361 587 1447 651 enim

295 712 403 774 aeque
428 713 466 756 ac
490 711 577 773 aqua
604 691 726 755 valebit
748 692 791 754 ad
814 693 970 756 unionem
997 693 1129 775 spiritus
1151 690 1275 768 inclusi,
1299 692 1357 754 sed
1381 711 1447 755 non

295 797 338 860 ad
362 796 586 859 irritationem.
632 796 745 858 Etiam
772 795 959 860 faciendum
988 807 1038 860 est
1061 797 1325 878 experimentum
1348 796 1448 858 latius

295 911 365 963 tam
386 900 419 961 in
440 899 602 963 cineribus
625 908 658 962 et
681 898 825 963 calcibus
845 900 1047 964 diversorum
1071 921 1251 983 corporum,
1269 920 1368 982 quam
1389 919 1449 982 per

295 1002 531 1067 immissionem
555 1002 757 1066 diversorum
779 1001 953 1085 liquorum.

321 1124 355 1165 Ad
366 1129 415 1174 1⁹¹⁰
425 1129 464 1172 ²⁵·-
514 1107 602 1171 Huic
623 1107 800 1171 instantiae
819 1107 1028 1190 subjungitur
1047 1107 1200 1189 negativa
1219 1107 1357 1171 aliorum
1379 1128 1447 1170 me-

295 1210 460 1288 tallorum,
482 1231 567 1292 quae
589 1220 666 1274 sunt
688 1211 794 1294 magis
817 1213 930 1276 mollia
953 1222 986 1275 et
1013 1211 1114 1276 fluxa.
1160 1213 1295 1276 Etenim
1321 1211 1449 1275 bracte-

207 1379 210 1386 Δ
296 1315 370 1380 olae
389 1315 468 1392 auri,
484 1314 613 1378 solutae
633 1315 666 1377 in
691 1315 852 1397 liquorem
876 1336 935 1398 per
957 1335 1078 1397 aquam
1104 1317 1196 1398 regis
1217 1315 1343 1379 nullum
1368 1317 1448 1379 dant

296 1419 437 1482 calorem
453 1420 496 1482 ad
515 1427 642 1482 tactum
663 1418 696 1481 in
718 1417 953 1497 dissolutione;
978 1439 1085 1500 neque
1105 1418 1255 1482 similiter
1274 1418 1447 1499 plumbum

295 1523 328 1584 in
345 1543 431 1605 aqua
446 1521 542 1599 sorti3
563 1542 670 1604 neque
686 1521 786 1584 etiam
802 1531 975 1603 argentum
993 1523 1105 1585 vivum
1121 1518 1172 1608 (ut
1189 1518 1337 1606 memini)
1352 1546 1359 1600 ;
1388 1521 1446 1584 sed

295 1633 468 1710 argentum
492 1625 600 1708 ipsum
623 1644 740 1707 parum
763 1625 888 1687 excitat
915 1624 1040 1699 caloriS,
1063 1635 1164 1707 atque
1186 1626 1286 1688 etiam
1309 1645 1446 1706 cuprum

295 1727 347 1814 (ut
374 1727 532 1813 memini),
558 1729 616 1792 sed
648 1729 753 1810 magis
780 1728 955 1792 manifesto
981 1739 1147 1804 stannum,
1174 1738 1275 1812 atque
1298 1729 1447 1790 omnium

296 1834 443 1897 maxime
463 1833 584 1895 sermm
606 1841 639 1895 et
660 1831 805 1913 chalybs,
828 1853 914 1914 quae
935 1853 1000 1895 non
1023 1832 1132 1896 solum
1155 1833 1276 1896 fortem
1299 1831 1448 1894 excitant

295 1937 438 2000 calorem
469 1936 502 1998 in
533 1934 757 2014 dissolutione,
784 1936 843 1998 sed
874 1937 974 1999 etiam
1004 1935 1183 2000 violentam
1211 1934 1447 1998 ebullitionem.

296 2041 416 2122 Itaque
441 2039 572 2103 videtur
595 2037 685 2102 calor
711 2038 780 2101 fieri
808 2059 867 2120 per
890 2037 1088 2116 conflictum,
1113 2059 1188 2103 cum
1214 2058 1321 2120 aquae
1348 2036 1448 2100 fortes

295 2153 470 2227 penetrant
497 2150 529 2206 et
556 2141 685 2205 fodiunt
709 2149 742 2205 et
764 2141 925 2204 divellunt
948 2151 1058 2223 partes
1080 2141 1232 2223 corporis,
1256 2150 1289 2204 et
1312 2159 1449 2220 corpora

295 2249 366 2330 ipsa
388 2247 542 2310 resistunt
551 2243 588 2306 ²¹.
634 2244 703 2309 Ubi
723 2264 801 2307 vero
822 2264 960 2327 corpora
980 2245 1108 2308 facilius
1131 2245 1261 2322 cedunt,
1279 2243 1337 2307 vix
1359 2242 1449 2307 exci-

295 2359 385 2415 tatur
407 2351 505 2415 calor.

320 2470 464 2511 Adfflm.
512 2451 622 2518 Calori
646 2450 836 2516 animalium
860 2451 949 2515 nulla
973 2451 1183 2536 subjungitur
1204 2451 1364 2533 negativa,
1387 2451 1449 2514 nisi

293 2557 493 2621 insectorum
509 2553 560 2642 (ut
575 2557 700 2619 dictum
717 2553 781 2641 est)
796 2556 840 2619 ob
856 2556 1052 2639 parvitatem
1069 2557 1223 2638 corporis.
1262 2556 1397 2620 Etenim
1414 2555 1448 2616 in

294 2661 438 2744 piscibus
460 2660 590 2724 collatis
610 2660 653 2722 ad
673 2659 829 2723 animalia
852 2661 1018 2723 terrestria
1041 2661 1148 2742 magis
1169 2669 1304 2723 notatur
1325 2659 1448 2742 gradus

295 2765 412 2828 caloris
443 2785 543 2846 quam
574 2764 724 2846 privatio.
780 2764 820 2825 In
847 2763 1088 2846 vegetabilibus
1120 2773 1232 2827 autem
1263 2773 1296 2826 et
1326 2762 1450 2845 plantis

295 2870 404 2934 nullus
419 2869 598 2952 percipitur
612 2868 734 2951 gradus
750 2867 866 2931 caloris
884 2870 927 2932 ad
947 2877 1083 2947 tactum,
1100 2889 1207 2951 neque
1222 2869 1254 2930 in
1271 2867 1449 2950 lachrymis

295 2975 450 3057 ipsorum,
474 2993 580 3054 neque
601 2973 635 3034 in
656 2971 809 3035 medullis
828 2982 975 3036 recenter
994 2971 1126 3055 apertis.
1171 2971 1221 3036 At
1244 2973 1277 3034 in
1300 2971 1449 3035 animali·

294 3077 357 3140 bus
380 3096 502 3158 magna
525 3077 684 3157 reperitur
706 3076 877 3138 diversitas
900 3076 1025 3154 caloris,
1042 3087 1113 3140 tum
1137 3078 1169 3139 in
1193 3077 1342 3158 partibus
1361 3077 1449 3158 ipso-

296 3201 368 3243 rum
384 3177 482 3264 (alius
497 3188 547 3241 est
563 3179 649 3241 enim
667 3178 755 3242 calor
770 3179 855 3242 circa
874 3201 936 3253 cor,
953 3179 1036 3243 alius
1055 3181 1088 3242 in
1107 3181 1249 3259 cerebro,
1264 3180 1349 3244 alius
1364 3181 1450 3243 circa

297 3281 457 3367 externa),
475 3291 547 3345 tum
562 3281 596 3344 in
612 3281 837 3345 accidentibus
854 3304 976 3358 eorum,
993 3293 1030 3347 ut
1049 3283 1083 3346 in
1099 3283 1336 3347 exercitatione
1351 3281 1449 3347 vehe-

296 3388 398 3452 menti
415 3395 448 3451 et
463 3385 619 3449 febribus.

320 3507 465 3557 nanum
515 3488 603 3552 Huic
624 3488 801 3552 instantiae
823 3489 881 3552 vix
904 3488 1114 3572 subjungitur
1135 3490 1298 3572 negativa.
1345 3489 1451 3572 Quin·

296 3592 396 3657 etiam
420 3601 633 3656 excrementa
655 3593 847 3656 animalium
871 3614 936 3656 non
960 3595 1105 3658 recentia
1127 3595 1303 3658 manifeste
1324 3593 1451 3659 habent

295 3696 437 3761 calorem
460 3696 685 3781 potentialem,
710 3707 747 3761 ut
769 3699 913 3763 cernitur
935 3699 968 3761 in
991 3699 1254 3781 impinguatione
1276 3697 1345 3764 soli.

297 3979 300 3986 ·
330 3947 395 4001 The
415 3949 512 4003 reader
530 3950 584 4003 will
609 3955 659 4004 not
683 3949 729 4002 fail
751 3956 781 4004 to
803 3952 896 4004 notice
919 3951 1035 4005 Bacon’s
1056 3951 1166 4004 curious
1187 3967 1236 4004 use
1255 3950 1288 4004 oi
1304 3953 1353 4005 the
1372 3953 1451 4007 word

294 4031 405 4099 ‘spirit'
424 4033 477 4085 and
496 4033 544 4086 the
562 4039 672 4100 strange
691 4035 847 4103 metaphors
862 4035 950 4088 which
971 4036 991 4086 it
1009 4041 1132 4102 suggests
1150 4041 1180 4087 to
1198 4035 1264 4090 him.

330 4113 353 4144 ⁹⁰
371 4117 433 4184 Any
445 4121 539 4182 water,
553 4117 641 4170 which
655 4133 718 4187 may
730 4118 765 4172 be
779 4119 926 4171 contained
942 4119 969 4171 in
987 4119 1035 4171 the
1053 4118 1098 4185 oil,
1111 4119 1164 4171 will
1178 4125 1258 4172 enter
1270 4118 1329 4171 into
1345 4119 1453 4173 combi-

296 4198 390 4250 nation
404 4197 471 4252 with
482 4199 530 4251 the
543 4199 714 4268 quiet-lime,
727 4200 776 4254 but
789 4201 837 4253 the
850 4216 918 4268 pure
931 4201 967 4253 οἱ]
980 4201 1033 4254 will
1047 4202 1152 4254 remain
1164 4201 1285 4254 distinct.

330 4278 352 4311 ²¹
373 4281 405 4333 ln
424 4281 502 4335 these
519 4283 574 4335 and
591 4283 693 4336 similar
710 4299 794 4350 cases,
807 4283 872 4336 heat
886 4284 907 4336 is
920 4283 1070 4352 developed
1088 4285 1124 4352 by
1138 4284 1268 4338 chemical
1281 4285 1383 4338 action.
1420 4285 1451 4338 ‘l

295 4365 378 4420 know
390 4363 423 4418 of
438 4381 475 4418 no
490 4366 655 4434 exception,'
673 4383 735 4434 says
749 4367 792 4420 Sir
804 4367 852 4420 W.
868 4367 901 4421 R.
915 4369 1018 4433 Grove,
1037 4369 1084 4420 ‘to
1096 4367 1145 4420 the
1158 4367 1267 4434 general
1280 4367 1452 4436 proposition

295 4448 356 4502 that
378 4449 412 4501 all
434 4448 538 4514 bodies,
557 4449 585 4501 in
607 4449 767 4518 chemically
787 4450 953 4517 combining,
975 4451 1097 4518 produce
1117 4451 1199 4505 beat!
1236 4452 1409 4505 Correlation
1423 4450 1457 4504 oi

297 4529 421 4598 Physical
436 4531 547 4600 Furem,
561 4533 673 4586 Section
686 4549 723 4587 on
737 4533 877 4588 Chemical
891 4533 1012 4603 Affinity.
