<?xml version="1.0" encoding="UTF-8"?>
<!DOCTYPE html PUBLIC "-//W3C//DTD XHTML 1.0 Transitional//EN"
    "http://www.w3.org/TR/xhtml1/DTD/xhtml1-transitional.dtd">
<html xmlns="http://www.w3.org/1999/xhtml" xml:lang="en" lang="en">
 <head>
  <title>
</title>
<meta http-equiv="Content-Type" content="text/html;charset=utf-8" />
  <meta name='ocr-system' content='tesseract 3.04.00' />
  <meta name='ocr-capabilities' content='ocr_page ocr_carea ocr_par ocr_line ocrx_word'/>
</head>
<body>
  <div class='ocr_page' id='page_1' title='image "./baconsnovumorga01fowlgoog/baconsnovumorga01fowlgoog_0390.png"; bbox 0 0 3306 5102; ppageno 0'>
   <div class='ocr_carea' id='block_1_1' title="bbox 675 403 1364 494">
    <p class='ocr_par' dir='ltr' id='par_1_1' title="bbox 675 403 1364 494">
     <span class='ocr_line' id='line_1_1' title="bbox 675 403 1364 494; baseline 0.004 -29"><span class='ocrx_word' id='word_1_1' title='bbox 675 409 755 470; x_wconf 72' lang='grc' dir='ltr'><strong>ΗΒ.</strong></span> <span class='ocrx_word' id='word_1_2' title='bbox 778 411 822 468; x_wconf 80' lang='lat' dir='ltr'><strong>II.</strong></span> <span class='ocrx_word' id='word_1_3' title='bbox 848 421 899 470; x_wconf 80' lang='lat'><strong>12.</strong></span> <span class='ocrx_word' id='word_1_4' title='bbox 1300 403 1364 494; x_wconf 84' lang='lat'><strong>367</strong></span> 
     </span>
    </p>
   </div>
   <div class='ocr_carea' id='block_1_2' title="bbox 212 574 1374 3888">
    <p class='ocr_par' dir='ltr' id='par_1_2' title="bbox 212 574 1367 1289">
     <span class='ocr_line' id='line_1_2' title="bbox 212 574 1365 662; baseline -0.001 -19"><span class='ocrx_word' id='word_1_5' title='bbox 212 576 313 643; x_wconf 91' lang='lat' dir='ltr'><strong>etiam</strong></span> <span class='ocrx_word' id='word_1_6' title='bbox 334 576 405 641; x_wconf 92' lang='lat' dir='ltr'><strong>sine</strong></span> <span class='ocrx_word' id='word_1_7' title='bbox 425 575 560 642; x_wconf 88' lang='lat' dir='ltr'><strong>flamma</strong></span> <span class='ocrx_word' id='word_1_8' title='bbox 581 583 741 660; x_wconf 90' lang='lat' dir='ltr'><strong>perpetuo</strong></span> <span class='ocrx_word' id='word_1_9' title='bbox 761 575 906 641; x_wconf 91' lang='lat' dir='ltr'><strong>calidum</strong></span> <span class='ocrx_word' id='word_1_10' title='bbox 927 583 986 655; x_wconf 87' lang='lat' dir='ltr'><strong>est,</strong></span> <span class='ocrx_word' id='word_1_11' title='bbox 1002 595 1108 659; x_wconf 91' lang='lat' dir='ltr'><strong>neque</strong></span> <span class='ocrx_word' id='word_1_12' title='bbox 1125 574 1201 642; x_wconf 89' lang='lat' dir='ltr'><strong>huic</strong></span> <span class='ocrx_word' id='word_1_13' title='bbox 1219 577 1365 662; x_wconf 87' lang='lat' dir='ltr'><strong>affirma·</strong></span> 
     </span>
     <span class='ocr_line' id='line_1_3' title="bbox 213 681 1367 766; baseline -0.001 -19"><span class='ocrx_word' id='word_1_14' title='bbox 213 683 301 748; x_wconf 72' lang='lat' dir='ltr'><strong>rivae</strong></span> <span class='ocrx_word' id='word_1_15' title='bbox 322 682 532 766; x_wconf 87' lang='lat' dir='ltr'><strong>subjungitur</strong></span> <span class='ocrx_word' id='word_1_16' title='bbox 552 681 724 764; x_wconf 68' lang='lat' dir='ltr'><strong>negativas</strong></span> <span class='ocrx_word' id='word_1_17' title='bbox 749 682 806 746; x_wconf 91' lang='lat' dir='ltr'><strong>sed</strong></span> <span class='ocrx_word' id='word_1_18' title='bbox 827 682 917 765; x_wconf 94' lang='lat' dir='ltr'><strong>quod</strong></span> <span class='ocrx_word' id='word_1_19' title='bbox 939 681 973 744; x_wconf 94' lang='lat' dir='ltr'><strong>in</strong></span> <span class='ocrx_word' id='word_1_20' title='bbox 993 681 1146 764; x_wconf 87' lang='lat' dir='ltr'><strong>proximo</strong></span> <span class='ocrx_word' id='word_1_21' title='bbox 1167 691 1217 746; x_wconf 88' lang='lat' dir='ltr'><strong>est</strong></span> <span class='ocrx_word' id='word_1_22' title='bbox 1237 683 1367 746; x_wconf 89' lang='lat' dir='ltr'><strong>videtur</strong></span> 
     </span>
     <span class='ocr_line' id='line_1_4' title="bbox 213 784 1365 870; baseline -0.002 -18"><span class='ocrx_word' id='word_1_23' title='bbox 213 808 285 852; x_wconf 89' lang='lat' dir='ltr'><strong>esse</strong></span> <span class='ocrx_word' id='word_1_24' title='bbox 305 786 432 870; x_wconf 87' lang='lat' dir='ltr'><strong>lignum</strong></span> <span class='ocrx_word' id='word_1_25' title='bbox 453 795 558 869; x_wconf 91' lang='lat' dir='ltr'><strong>putre,</strong></span> <span class='ocrx_word' id='word_1_26' title='bbox 575 787 673 869; x_wconf 93' lang='lat' dir='ltr'><strong>quod</strong></span> <span class='ocrx_word' id='word_1_27' title='bbox 689 784 842 868; x_wconf 86' lang='lat' dir='ltr'><strong>splendet</strong></span> <span class='ocrx_word' id='word_1_28' title='bbox 862 795 961 849; x_wconf 92' lang='lat' dir='ltr'><strong>noctu</strong></span> <span class='ocrx_word' id='word_1_29' title='bbox 985 804 1093 868; x_wconf 93' lang='lat' dir='ltr'><strong>neque</strong></span> <span class='ocrx_word' id='word_1_30' title='bbox 1112 795 1225 849; x_wconf 90' lang='lat' dir='ltr'><strong>tamen</strong></span> <span class='ocrx_word' id='word_1_31' title='bbox 1247 788 1365 869; x_wconf 89' lang='lat' dir='ltr'><strong>depre-</strong></span> 
     </span>
     <span class='ocr_line' id='line_1_5' title="bbox 212 888 1365 972; baseline -0.001 -17"><span class='ocrx_word' id='word_1_32' title='bbox 212 890 368 956; x_wconf 92' lang='lat' dir='ltr'><strong>henditur</strong></span> <span class='ocrx_word' id='word_1_33' title='bbox 397 888 541 954; x_wconf 92' lang='lat' dir='ltr'><strong>calidum</strong></span> <span class='ocrx_word' id='word_1_34' title='bbox 553 913 561 967; x_wconf 91' lang='lat'>;</span> <span class='ocrx_word' id='word_1_35' title='bbox 596 898 630 954; x_wconf 92' lang='lat' dir='ltr'><strong>et</strong></span> <span class='ocrx_word' id='word_1_36' title='bbox 659 909 817 972; x_wconf 86' lang='lat' dir='ltr'>squamae</span> <span class='ocrx_word' id='word_1_37' title='bbox 847 888 985 971; x_wconf 85' lang='lat' dir='ltr'>piscium</span> <span class='ocrx_word' id='word_1_38' title='bbox 1015 897 1251 972; x_wconf 88' lang='lat' dir='ltr'><strong>putrescentes,</strong></span> <span class='ocrx_word' id='word_1_39' title='bbox 1279 910 1365 972; x_wconf 85' lang='lat' dir='ltr'><strong>quae</strong></span> 
     </span>
     <span class='ocr_line' id='line_1_6' title="bbox 214 993 1365 1078; baseline -0.002 -18"><span class='ocrx_word' id='word_1_40' title='bbox 214 997 315 1060; x_wconf 90' lang='lat' dir='ltr'><strong>etiam</strong></span> <span class='ocrx_word' id='word_1_41' title='bbox 340 995 517 1078; x_wconf 88' lang='lat' dir='ltr'><strong>splendent</strong></span> <span class='ocrx_word' id='word_1_42' title='bbox 540 1004 649 1072; x_wconf 92' lang='lat' dir='ltr'><strong>noctu,</strong></span> <span class='ocrx_word' id='word_1_43' title='bbox 677 1015 738 1058; x_wconf 91' lang='lat' dir='ltr'><strong>nec</strong></span> <span class='ocrx_word' id='word_1_44' title='bbox 764 993 973 1058; x_wconf 91' lang='lat' dir='ltr'><strong>inveniuntur</strong></span> <span class='ocrx_word' id='word_1_45' title='bbox 998 993 1041 1056; x_wconf 93' lang='lat' dir='ltr'><strong>ad</strong></span> <span class='ocrx_word' id='word_1_46' title='bbox 1067 1001 1193 1057; x_wconf 87' lang='lat' dir='ltr'><strong>tactum</strong></span> <span class='ocrx_word' id='word_1_47' title='bbox 1218 994 1365 1074; x_wconf 91' lang='lat' dir='ltr'><strong>calidae;</strong></span> 
     </span>
     <span class='ocr_line' id='line_1_7' title="bbox 213 1093 1366 1185; baseline -0.002 -21"><span class='ocrx_word' id='word_1_48' title='bbox 213 1121 322 1182; x_wconf 90' lang='lat' dir='ltr'><strong>neque</strong></span> <span class='ocrx_word' id='word_1_49' title='bbox 340 1101 441 1163; x_wconf 91' lang='lat' dir='ltr'><strong>etiam</strong></span> <span class='ocrx_word' id='word_1_50' title='bbox 459 1119 578 1181; x_wconf 88' lang='lat' dir='ltr'><strong>corpus</strong></span> <span class='ocrx_word' id='word_1_51' title='bbox 592 1097 770 1163; x_wconf 87' lang='lat' dir='ltr'><strong>cicindelae</strong></span> <span class='ocrx_word' id='word_1_52' title='bbox 789 1107 847 1162; x_wconf 91' lang='lat' dir='ltr'><strong>aut</strong></span> <span class='ocrx_word' id='word_1_53' title='bbox 868 1117 1001 1162; x_wconf 84' lang='lat' dir='ltr'><strong>muscae</strong></span> <span class='ocrx_word' id='word_1_54' title='bbox 1015 1093 1131 1185; x_wconf 88' lang='lat' dir='ltr'><strong>(quam</strong></span> <span class='ocrx_word' id='word_1_55' title='bbox 1146 1106 1266 1162; x_wconf 88' lang='lat' dir='ltr'><strong>vocant</strong></span> <span class='ocrx_word' id='word_1_56' title='bbox 1285 1098 1366 1163; x_wconf 89' lang='lat' dir='ltr'><strong>luci-</strong></span> 
     </span>
     <span class='ocr_line' id='line_1_8' title="bbox 214 1201 978 1289; baseline -0.003 -21"><span class='ocrx_word' id='word_1_57' title='bbox 214 1201 336 1289; x_wconf 83' lang='lat' dir='ltr'><strong>olam³)</strong></span> <span class='ocrx_word' id='word_1_58' title='bbox 351 1202 494 1268; x_wconf 92' lang='lat' dir='ltr'><strong>calidum</strong></span> <span class='ocrx_word' id='word_1_59' title='bbox 510 1204 554 1267; x_wconf 94' lang='lat' dir='ltr'><strong>ad</strong></span> <span class='ocrx_word' id='word_1_60' title='bbox 571 1210 697 1268; x_wconf 91' lang='lat' dir='ltr'><strong>tactum</strong></span> <span class='ocrx_word' id='word_1_61' title='bbox 714 1201 978 1285; x_wconf 87' lang='lat' dir='ltr'><strong>deprehenditur.</strong></span> 
     </span>
    </p>

    <p class='ocr_par' dir='ltr' id='par_1_3' title="bbox 214 1307 1367 1600">
     <span class='ocr_line' id='line_1_9' title="bbox 239 1307 1366 1388; baseline 0.005 -22"><span class='ocrx_word' id='word_1_62' title='bbox 239 1325 373 1376; x_wconf 66' lang='lat' dir='ltr'><strong>nusum.</strong></span> <span class='ocrx_word' id='word_1_63' title='bbox 433 1309 487 1372; x_wconf 91' lang='lat' dir='ltr'><strong>De</strong></span> <span class='ocrx_word' id='word_1_64' title='bbox 502 1309 628 1372; x_wconf 89' lang='lat' dir='ltr'><strong>balneis</strong></span> <span class='ocrx_word' id='word_1_65' title='bbox 643 1308 767 1383; x_wconf 89' lang='lat' dir='ltr'><strong>calidis,</strong></span> <span class='ocrx_word' id='word_1_66' title='bbox 785 1307 818 1370; x_wconf 94' lang='lat' dir='ltr'><strong>in</strong></span> <span class='ocrx_word' id='word_1_67' title='bbox 840 1327 907 1388; x_wconf 93' lang='lat' dir='ltr'><strong>quo</strong></span> <span class='ocrx_word' id='word_1_68' title='bbox 927 1307 992 1371; x_wconf 91' lang='lat' dir='ltr'><strong>situ</strong></span> <span class='ocrx_word' id='word_1_69' title='bbox 1013 1315 1047 1372; x_wconf 90' lang='lat' dir='ltr'><strong>et</strong></span> <span class='ocrx_word' id='word_1_70' title='bbox 1067 1315 1185 1370; x_wconf 90' lang='lat' dir='ltr'><strong>natura</strong></span> <span class='ocrx_word' id='word_1_71' title='bbox 1200 1307 1261 1371; x_wconf 92' lang='lat' dir='ltr'><strong>soli</strong></span> <span class='ocrx_word' id='word_1_72' title='bbox 1277 1327 1366 1372; x_wconf 88' lang='lat' dir='ltr'><strong>ema-</strong></span> 
     </span>
     <span class='ocr_line' id='line_1_10' title="bbox 214 1411 1367 1495; baseline 0.002 -19"><span class='ocrx_word' id='word_1_73' title='bbox 214 1433 294 1476; x_wconf 86' lang='lat' dir='ltr'><strong>nare</strong></span> <span class='ocrx_word' id='word_1_74' title='bbox 308 1411 446 1492; x_wconf 86' lang='lat' dir='ltr'><strong>soleant,</strong></span> <span class='ocrx_word' id='word_1_75' title='bbox 462 1433 527 1476; x_wconf 91' lang='lat' dir='ltr'><strong>non</strong></span> <span class='ocrx_word' id='word_1_76' title='bbox 543 1413 623 1476; x_wconf 91' lang='lat' dir='ltr'><strong>satis</strong></span> <span class='ocrx_word' id='word_1_77' title='bbox 638 1412 825 1494; x_wconf 88' lang='lat' dir='ltr'><strong>quaesitum</strong></span> <span class='ocrx_word' id='word_1_78' title='bbox 842 1420 912 1490; x_wconf 89' lang='lat' dir='ltr'><strong>est;</strong></span> <span class='ocrx_word' id='word_1_79' title='bbox 942 1411 1056 1492; x_wconf 89' lang='lat' dir='ltr'><strong>itaque</strong></span> <span class='ocrx_word' id='word_1_80' title='bbox 1076 1431 1142 1475; x_wconf 91' lang='lat' dir='ltr'><strong>non</strong></span> <span class='ocrx_word' id='word_1_81' title='bbox 1157 1411 1367 1495; x_wconf 88' lang='lat' dir='ltr'><strong>subjungitur</strong></span> 
     </span>
     <span class='ocr_line' id='line_1_11' title="bbox 214 1517 376 1600; baseline -0.006 -20"><span class='ocrx_word' id='word_1_82' title='bbox 214 1517 376 1600; x_wconf 80' lang='lat' dir='ltr'><strong>negativa.</strong></span> 
     </span>
    </p>

    <p class='ocr_par' dir='ltr' id='par_1_4' title="bbox 215 1617 1369 2949">
     <span class='ocr_line' id='line_1_12' title="bbox 239 1617 1366 1704; baseline -0.003 -15"><span class='ocrx_word' id='word_1_83' title='bbox 239 1625 372 1689; x_wconf 55' lang='lat' dir='ltr'><strong>Adwu&#39;a</strong></span> <span class='ocrx_word' id='word_1_84' title='bbox 433 1620 583 1704; x_wconf 93' lang='lat' dir='ltr'><strong>Liquidis</strong></span> <span class='ocrx_word' id='word_1_85' title='bbox 615 1620 815 1685; x_wconf 90' lang='lat' dir='ltr'><strong>ferventibus</strong></span> <span class='ocrx_word' id='word_1_86' title='bbox 845 1617 1055 1703; x_wconf 87' lang='lat' dir='ltr'><strong>subjungitur</strong></span> <span class='ocrx_word' id='word_1_87' title='bbox 1083 1618 1235 1700; x_wconf 82' lang='lat' dir='ltr'><strong>negativa</strong></span> <span class='ocrx_word' id='word_1_88' title='bbox 1265 1619 1366 1704; x_wconf 88' lang='lat' dir='ltr'><strong>ipsius</strong></span> 
     </span>
     <span class='ocr_line' id='line_1_13' title="bbox 215 1722 1366 1806; baseline 0.003 -20"><span class='ocrx_word' id='word_1_89' title='bbox 215 1722 331 1806; x_wconf 91' lang='lat' dir='ltr'><strong>liquidi</strong></span> <span class='ocrx_word' id='word_1_90' title='bbox 351 1725 385 1787; x_wconf 90' lang='lat' dir='ltr'><strong>in</strong></span> <span class='ocrx_word' id='word_1_91' title='bbox 406 1734 522 1789; x_wconf 88' lang='lat' dir='ltr'><strong>natura</strong></span> <span class='ocrx_word' id='word_1_92' title='bbox 540 1745 609 1790; x_wconf 91' lang='lat' dir='ltr'><strong>sua.</strong></span> <span class='ocrx_word' id='word_1_93' title='bbox 656 1723 794 1788; x_wconf 93' lang='lat' dir='ltr'><strong>Nullum</strong></span> <span class='ocrx_word' id='word_1_94' title='bbox 816 1724 903 1786; x_wconf 90' lang='lat' dir='ltr'><strong>enim</strong></span> <span class='ocrx_word' id='word_1_95' title='bbox 925 1722 1088 1787; x_wconf 92' lang='lat' dir='ltr'><strong>invenitur</strong></span> <span class='ocrx_word' id='word_1_96' title='bbox 1107 1723 1270 1804; x_wconf 89' lang='lat' dir='ltr'><strong>liquidum</strong></span> <span class='ocrx_word' id='word_1_97' title='bbox 1293 1735 1366 1789; x_wconf 90' lang='lat' dir='ltr'><strong>tan-</strong></span> 
     </span>
     <span class='ocr_line' id='line_1_14' title="bbox 215 1827 1367 1911; baseline 0.003 -22"><span class='ocrx_word' id='word_1_98' title='bbox 215 1827 317 1909; x_wconf 88' lang='lat' dir='ltr'><strong>gibile</strong></span> <span class='ocrx_word' id='word_1_99' title='bbox 339 1830 429 1911; x_wconf 90' lang='lat' dir='ltr'><strong>quod</strong></span> <span class='ocrx_word' id='word_1_100' title='bbox 452 1829 495 1893; x_wconf 93' lang='lat' dir='ltr'><strong>sit</strong></span> <span class='ocrx_word' id='word_1_101' title='bbox 514 1827 546 1890; x_wconf 92' lang='lat' dir='ltr'><strong>in</strong></span> <span class='ocrx_word' id='word_1_102' title='bbox 570 1835 686 1892; x_wconf 88' lang='lat' dir='ltr'><strong>natura</strong></span> <span class='ocrx_word' id='word_1_103' title='bbox 709 1848 767 1891; x_wconf 90' lang='lat' dir='ltr'><strong>sua</strong></span> <span class='ocrx_word' id='word_1_104' title='bbox 790 1835 824 1890; x_wconf 88' lang='lat' dir='ltr'><strong>et</strong></span> <span class='ocrx_word' id='word_1_105' title='bbox 847 1835 980 1890; x_wconf 90' lang='lat' dir='ltr'><strong>maneat</strong></span> <span class='ocrx_word' id='word_1_106' title='bbox 1002 1835 1192 1891; x_wconf 87' lang='lat' dir='ltr'><strong>constanter</strong></span> <span class='ocrx_word' id='word_1_107' title='bbox 1214 1827 1367 1909; x_wconf 91' lang='lat' dir='ltr'><strong>calidum,</strong></span> 
     </span>
     <span class='ocr_line' id='line_1_15' title="bbox 215 1929 1366 2015; baseline 0.003 -21"><span class='ocrx_word' id='word_1_108' title='bbox 215 1933 274 1995; x_wconf 85' lang='lat' dir='ltr'><strong>sed</strong></span> <span class='ocrx_word' id='word_1_109' title='bbox 291 1931 553 2015; x_wconf 90' lang='lat' dir='ltr'><strong>superinducitur</strong></span> <span class='ocrx_word' id='word_1_110' title='bbox 567 1933 609 1996; x_wconf 94' lang='lat' dir='ltr'><strong>ad</strong></span> <span class='ocrx_word' id='word_1_111' title='bbox 626 1940 757 2013; x_wconf 90' lang='lat' dir='ltr'><strong>tempus</strong></span> <span class='ocrx_word' id='word_1_112' title='bbox 773 1938 904 1994; x_wconf 89' lang='lat' dir='ltr'><strong>tantum</strong></span> <span class='ocrx_word' id='word_1_113' title='bbox 920 1929 1015 2008; x_wconf 89' lang='lat' dir='ltr'><strong>calor,</strong></span> <span class='ocrx_word' id='word_1_114' title='bbox 1027 1938 1064 1992; x_wconf 94' lang='lat' dir='ltr'><strong>ut</strong></span> <span class='ocrx_word' id='word_1_115' title='bbox 1081 1939 1195 1994; x_wconf 89' lang='lat' dir='ltr'><strong>natura</strong></span> <span class='ocrx_word' id='word_1_116' title='bbox 1211 1932 1366 1997; x_wconf 87' lang='lat' dir='ltr'><strong>ascititia:</strong></span> 
     </span>
     <span class='ocr_line' id='line_1_16' title="bbox 216 2033 1368 2118; baseline 0.001 -20"><span class='ocrx_word' id='word_1_117' title='bbox 216 2036 303 2099; x_wconf 88' lang='lat' dir='ltr'><strong>adeo</strong></span> <span class='ocrx_word' id='word_1_118' title='bbox 323 2044 361 2099; x_wconf 93' lang='lat' dir='ltr'><strong>ut</strong></span> <span class='ocrx_word' id='word_1_119' title='bbox 379 2056 464 2118; x_wconf 93' lang='lat' dir='ltr'><strong>quae</strong></span> <span class='ocrx_word' id='word_1_120' title='bbox 482 2045 649 2118; x_wconf 89' lang='lat' dir='ltr'><strong>potestate</strong></span> <span class='ocrx_word' id='word_1_121' title='bbox 670 2044 703 2098; x_wconf 92' lang='lat' dir='ltr'><strong>et</strong></span> <span class='ocrx_word' id='word_1_122' title='bbox 723 2034 915 2116; x_wconf 91' lang='lat' dir='ltr'><strong>operatione</strong></span> <span class='ocrx_word' id='word_1_123' title='bbox 936 2041 1012 2096; x_wconf 93' lang='lat' dir='ltr'><strong>sunt</strong></span> <span class='ocrx_word' id='word_1_124' title='bbox 1031 2033 1180 2096; x_wconf 88' lang='lat' dir='ltr'><strong>maxime</strong></span> <span class='ocrx_word' id='word_1_125' title='bbox 1197 2035 1312 2114; x_wconf 88' lang='lat' dir='ltr'><strong>calida,</strong></span> <span class='ocrx_word' id='word_1_126' title='bbox 1329 2043 1368 2100; x_wconf 93' lang='lat' dir='ltr'><strong>ut</strong></span> 
     </span>
     <span class='ocr_line' id='line_1_17' title="bbox 217 2135 1367 2221; baseline 0.002 -19"><span class='ocrx_word' id='word_1_127' title='bbox 217 2140 351 2221; x_wconf 88' lang='lat' dir='ltr'><strong>spiritus</strong></span> <span class='ocrx_word' id='word_1_128' title='bbox 375 2141 450 2218; x_wconf 92' lang='lat' dir='ltr'><strong>vini,</strong></span> <span class='ocrx_word' id='word_1_129' title='bbox 472 2138 546 2205; x_wconf 88' lang='lat' dir='ltr'><strong>olea</strong></span> <span class='ocrx_word' id='word_1_130' title='bbox 569 2145 754 2205; x_wconf 89' lang='lat' dir='ltr'><strong>aromatum</strong></span> <span class='ocrx_word' id='word_1_131' title='bbox 782 2137 941 2218; x_wconf 90' lang='lat' dir='ltr'><strong>chymica,</strong></span> <span class='ocrx_word' id='word_1_132' title='bbox 965 2137 1065 2199; x_wconf 87' lang='lat' dir='ltr'><strong>etiam</strong></span> <span class='ocrx_word' id='word_1_133' title='bbox 1092 2135 1166 2200; x_wconf 89' lang='lat' dir='ltr'><strong>olea</strong></span> <span class='ocrx_word' id='word_1_134' title='bbox 1188 2137 1309 2203; x_wconf 86' lang='lat' dir='ltr'><strong>vitrioli</strong></span> <span class='ocrx_word' id='word_1_135' title='bbox 1333 2148 1367 2204; x_wconf 87' lang='lat' dir='ltr'><strong>et</strong></span> 
     </span>
     <span class='ocr_line' id='line_1_18' title="bbox 217 2240 1366 2326; baseline 0.002 -21"><span class='ocrx_word' id='word_1_136' title='bbox 217 2243 408 2325; x_wconf 69' lang='lat' dir='ltr'><strong>sulphurist</strong></span> <span class='ocrx_word' id='word_1_137' title='bbox 434 2254 468 2308; x_wconf 90' lang='lat' dir='ltr'><strong>et</strong></span> <span class='ocrx_word' id='word_1_138' title='bbox 494 2245 621 2323; x_wconf 88' lang='lat' dir='ltr'><strong>similia,</strong></span> <span class='ocrx_word' id='word_1_139' title='bbox 648 2264 734 2326; x_wconf 90' lang='lat' dir='ltr'><strong>quae</strong></span> <span class='ocrx_word' id='word_1_140' title='bbox 759 2241 860 2324; x_wconf 91' lang='lat' dir='ltr'><strong>paulo</strong></span> <span class='ocrx_word' id='word_1_141' title='bbox 886 2249 962 2323; x_wconf 90' lang='lat' dir='ltr'><strong>post</strong></span> <span class='ocrx_word' id='word_1_142' title='bbox 984 2240 1135 2320; x_wconf 90' lang='lat' dir='ltr'><strong>adurunt,</strong></span> <span class='ocrx_word' id='word_1_143' title='bbox 1156 2241 1200 2305; x_wconf 93' lang='lat' dir='ltr'><strong>ad</strong></span> <span class='ocrx_word' id='word_1_144' title='bbox 1223 2243 1366 2325; x_wconf 91' lang='lat' dir='ltr'><strong>primum</strong></span> 
     </span>
     <span class='ocr_line' id='line_1_19' title="bbox 216 2344 1368 2431; baseline 0 -21"><span class='ocrx_word' id='word_1_145' title='bbox 216 2356 342 2410; x_wconf 90' lang='lat' dir='ltr'><strong>tactum</strong></span> <span class='ocrx_word' id='word_1_146' title='bbox 364 2348 429 2412; x_wconf 89' lang='lat' dir='ltr'><strong>sint</strong></span> <span class='ocrx_word' id='word_1_147' title='bbox 450 2349 578 2431; x_wconf 84' lang='lat' dir='ltr'><strong>frigida.</strong></span> <span class='ocrx_word' id='word_1_148' title='bbox 623 2347 726 2430; x_wconf 90' lang='lat' dir='ltr'><strong>Aqua</strong></span> <span class='ocrx_word' id='word_1_149' title='bbox 746 2355 857 2410; x_wconf 89' lang='lat' dir='ltr'><strong>autem</strong></span> <span class='ocrx_word' id='word_1_150' title='bbox 877 2344 1072 2408; x_wconf 88' lang='lat' dir='ltr'><strong>balneorum</strong></span> <span class='ocrx_word' id='word_1_151' title='bbox 1094 2347 1291 2410; x_wconf 88' lang='lat' dir='ltr'><strong>naturalium</strong></span> <span class='ocrx_word' id='word_1_152' title='bbox 1308 2369 1368 2411; x_wconf 90' lang='lat' dir='ltr'><strong>ex-</strong></span> 
     </span>
     <span class='ocr_line' id='line_1_20' title="bbox 218 2447 1368 2535; baseline 0 -20"><span class='ocrx_word' id='word_1_153' title='bbox 218 2459 315 2534; x_wconf 87' lang='lat' dir='ltr'><strong>cepta</strong></span> <span class='ocrx_word' id='word_1_154' title='bbox 339 2451 372 2516; x_wconf 90' lang='lat' dir='ltr'><strong>in</strong></span> <span class='ocrx_word' id='word_1_155' title='bbox 395 2472 454 2516; x_wconf 90' lang='lat' dir='ltr'><strong>vas</strong></span> <span class='ocrx_word' id='word_1_156' title='bbox 477 2452 612 2535; x_wconf 91' lang='lat' dir='ltr'><strong>aliquod</strong></span> <span class='ocrx_word' id='word_1_157' title='bbox 637 2461 671 2516; x_wconf 91' lang='lat' dir='ltr'><strong>et</strong></span> <span class='ocrx_word' id='word_1_158' title='bbox 697 2458 851 2531; x_wconf 88' lang='lat' dir='ltr'><strong>separata</strong></span> <span class='ocrx_word' id='word_1_159' title='bbox 876 2469 896 2511; x_wconf 88' lang='lat' dir='ltr'><strong>a</strong></span> <span class='ocrx_word' id='word_1_160' title='bbox 918 2447 1065 2512; x_wconf 90' lang='lat' dir='ltr'><strong>fontibus</strong></span> <span class='ocrx_word' id='word_1_161' title='bbox 1084 2449 1150 2512; x_wconf 88' lang='lat' dir='ltr'><strong>suis</strong></span> <span class='ocrx_word' id='word_1_162' title='bbox 1173 2450 1368 2515; x_wconf 87' lang='lat' dir='ltr'><strong>defervescit</strong></span> 
     </span>
     <span class='ocr_line' id='line_1_21' title="bbox 217 2550 1369 2638; baseline 0 -20"><span class='ocrx_word' id='word_1_163' title='bbox 217 2554 354 2637; x_wconf 90' lang='lat' dir='ltr'><strong>perinde</strong></span> <span class='ocrx_word' id='word_1_164' title='bbox 369 2575 408 2619; x_wconf 91' lang='lat' dir='ltr'><strong>ac</strong></span> <span class='ocrx_word' id='word_1_165' title='bbox 423 2577 510 2638; x_wconf 92' lang='lat' dir='ltr'><strong>aqua</strong></span> <span class='ocrx_word' id='word_1_166' title='bbox 526 2558 602 2638; x_wconf 85' lang='lat' dir='ltr'><strong>igne</strong></span> <span class='ocrx_word' id='word_1_167' title='bbox 622 2554 791 2620; x_wconf 89' lang='lat' dir='ltr'><strong>calefacta.</strong></span> <span class='ocrx_word' id='word_1_168' title='bbox 834 2550 885 2616; x_wconf 91' lang='lat' dir='ltr'><strong>At</strong></span> <span class='ocrx_word' id='word_1_169' title='bbox 899 2571 1013 2614; x_wconf 91' lang='lat' dir='ltr'><strong>verum</strong></span> <span class='ocrx_word' id='word_1_170' title='bbox 1032 2560 1083 2616; x_wconf 90' lang='lat' dir='ltr'><strong>est</strong></span> <span class='ocrx_word' id='word_1_171' title='bbox 1101 2573 1236 2635; x_wconf 91' lang='lat' dir='ltr'><strong>corpora</strong></span> <span class='ocrx_word' id='word_1_172' title='bbox 1254 2555 1369 2618; x_wconf 89' lang='lat' dir='ltr'><strong>oleosa</strong></span> 
     </span>
     <span class='ocr_line' id='line_1_22' title="bbox 217 2657 1368 2743; baseline 0 -21"><span class='ocrx_word' id='word_1_173' title='bbox 217 2659 261 2722; x_wconf 93' lang='lat' dir='ltr'><strong>ad</strong></span> <span class='ocrx_word' id='word_1_174' title='bbox 284 2667 411 2724; x_wconf 89' lang='lat' dir='ltr'><strong>tactum</strong></span> <span class='ocrx_word' id='word_1_175' title='bbox 434 2660 534 2743; x_wconf 88' lang='lat' dir='ltr'><strong>paulo</strong></span> <span class='ocrx_word' id='word_1_176' title='bbox 557 2660 664 2724; x_wconf 89' lang='lat' dir='ltr'><strong>minus</strong></span> <span class='ocrx_word' id='word_1_177' title='bbox 688 2678 759 2723; x_wconf 88' lang='lat' dir='ltr'><strong>esse</strong></span> <span class='ocrx_word' id='word_1_178' title='bbox 781 2657 899 2740; x_wconf 84' lang='lat' dir='ltr'><strong>frigida</strong></span> <span class='ocrx_word' id='word_1_179' title='bbox 920 2676 1021 2738; x_wconf 91' lang='lat' dir='ltr'><strong>quam</strong></span> <span class='ocrx_word' id='word_1_180' title='bbox 1043 2675 1168 2738; x_wconf 90' lang='lat' dir='ltr'><strong>aquea;</strong></span> <span class='ocrx_word' id='word_1_181' title='bbox 1200 2666 1236 2721; x_wconf 95' lang='lat' dir='ltr'><strong>ut</strong></span> <span class='ocrx_word' id='word_1_182' title='bbox 1258 2657 1368 2722; x_wconf 91' lang='lat' dir='ltr'><strong>oleum</strong></span> 
     </span>
     <span class='ocr_line' id='line_1_23' title="bbox 219 2759 1369 2846; baseline 0.002 -22"><span class='ocrx_word' id='word_1_183' title='bbox 219 2762 327 2827; x_wconf 89' lang='lat' dir='ltr'><strong>minus</strong></span> <span class='ocrx_word' id='word_1_184' title='bbox 343 2784 444 2846; x_wconf 88' lang='lat' dir='ltr'><strong>quam</strong></span> <span class='ocrx_word' id='word_1_185' title='bbox 460 2785 555 2846; x_wconf 91' lang='lat' dir='ltr'><strong>aqua,</strong></span> <span class='ocrx_word' id='word_1_186' title='bbox 572 2765 711 2828; x_wconf 90' lang='lat' dir='ltr'><strong>sericum</strong></span> <span class='ocrx_word' id='word_1_187' title='bbox 731 2763 839 2825; x_wconf 91' lang='lat' dir='ltr'><strong>minus</strong></span> <span class='ocrx_word' id='word_1_188' title='bbox 857 2780 958 2842; x_wconf 92' lang='lat' dir='ltr'><strong>quam</strong></span> <span class='ocrx_word' id='word_1_189' title='bbox 975 2759 1121 2824; x_wconf 88' lang='lat' dir='ltr'><strong>linteum.</strong></span> <span class='ocrx_word' id='word_1_190' title='bbox 1165 2759 1290 2824; x_wconf 93' lang='lat' dir='ltr'><strong>Verum</strong></span> <span class='ocrx_word' id='word_1_191' title='bbox 1305 2761 1369 2827; x_wconf 90' lang='lat' dir='ltr'><strong>hoc</strong></span> 
     </span>
     <span class='ocr_line' id='line_1_24' title="bbox 218 2863 1006 2949; baseline -0.003 -19"><span class='ocrx_word' id='word_1_192' title='bbox 218 2869 362 2949; x_wconf 92' lang='lat' dir='ltr'><strong>pertinet</strong></span> <span class='ocrx_word' id='word_1_193' title='bbox 376 2869 419 2932; x_wconf 90' lang='lat' dir='ltr'><strong>ad</strong></span> <span class='ocrx_word' id='word_1_194' title='bbox 439 2867 598 2932; x_wconf 86' lang='lat' dir='ltr'><strong>Tabulam</strong></span> <span class='ocrx_word' id='word_1_195' title='bbox 617 2866 790 2932; x_wconf 83' lang='lat' dir='ltr'><strong>Graduum</strong></span> <span class='ocrx_word' id='word_1_196' title='bbox 804 2864 844 2928; x_wconf 85' lang='lat' dir='ltr'><strong>de</strong></span> <span class='ocrx_word' id='word_1_197' title='bbox 857 2863 1006 2946; x_wconf 60' lang='lat' dir='ltr'><strong>Frigido.</strong></span> 
     </span>
    </p>

    <p class='ocr_par' dir='ltr' id='par_1_5' title="bbox 218 2966 1370 3454">
     <span class='ocr_line' id='line_1_25' title="bbox 243 2966 1369 3054; baseline -0.003 -17"><span class='ocrx_word' id='word_1_198' title='bbox 243 2984 279 3025; x_wconf 75' lang='lat' dir='ltr'><strong>Ad</strong></span> <span class='ocrx_word' id='word_1_199' title='bbox 290 2993 340 3026; x_wconf 75' lang='lat'><strong>10⁸·</strong></span> <span class='ocrx_word' id='word_1_200' title='bbox 350 2993 389 3037; x_wconf 74' lang='lat'><strong>1⁵⁸·</strong></span> <span class='ocrx_word' id='word_1_201' title='bbox 438 2972 598 3037; x_wconf 90' lang='lat' dir='ltr'><strong>Similiter</strong></span> <span class='ocrx_word' id='word_1_202' title='bbox 620 2971 734 3054; x_wconf 83' lang='lat' dir='ltr'><strong>vapori</strong></span> <span class='ocrx_word' id='word_1_203' title='bbox 757 2969 882 3034; x_wconf 86' lang='lat' dir='ltr'><strong>fervido</strong></span> <span class='ocrx_word' id='word_1_204' title='bbox 904 2966 1114 3050; x_wconf 87' lang='lat' dir='ltr'><strong>subjungitur</strong></span> <span class='ocrx_word' id='word_1_205' title='bbox 1135 2968 1288 3049; x_wconf 83' lang='lat' dir='ltr'><strong>negativa</strong></span> <span class='ocrx_word' id='word_1_206' title='bbox 1311 2989 1369 3034; x_wconf 90' lang='lat' dir='ltr'><strong>na-</strong></span> 
     </span>
     <span class='ocr_line' id='line_1_26' title="bbox 219 3072 1370 3160; baseline 0.003 -25"><span class='ocrx_word' id='word_1_207' title='bbox 219 3077 313 3138; x_wconf 87' lang='lat' dir='ltr'><strong>turae</strong></span> <span class='ocrx_word' id='word_1_208' title='bbox 336 3075 436 3159; x_wconf 89' lang='lat' dir='ltr'><strong>ipsius</strong></span> <span class='ocrx_word' id='word_1_209' title='bbox 458 3077 596 3160; x_wconf 66' lang='lat' dir='ltr'><strong>vaporis</strong></span> <span class='ocrx_word' id='word_1_210' title='bbox 611 3077 717 3159; x_wconf 87' lang='lat' dir='ltr'><strong>qualis</strong></span> <span class='ocrx_word' id='word_1_211' title='bbox 740 3075 830 3158; x_wconf 92' lang='lat' dir='ltr'><strong>apud</strong></span> <span class='ocrx_word' id='word_1_212' title='bbox 853 3093 913 3138; x_wconf 90' lang='lat' dir='ltr'><strong>nos</strong></span> <span class='ocrx_word' id='word_1_213' title='bbox 936 3073 1109 3136; x_wconf 92' lang='lat' dir='ltr'><strong>invenitur.</strong></span> <span class='ocrx_word' id='word_1_214' title='bbox 1155 3072 1290 3137; x_wconf 90' lang='lat' dir='ltr'><strong>Etenim</strong></span> <span class='ocrx_word' id='word_1_215' title='bbox 1311 3096 1370 3139; x_wconf 90' lang='lat' dir='ltr'><strong>ex·</strong></span> 
     </span>
     <span class='ocr_line' id='line_1_27' title="bbox 218 3176 1370 3260; baseline 0 -17"><span class='ocrx_word' id='word_1_216' title='bbox 218 3178 403 3244; x_wconf 89' lang='lat' dir='ltr'><strong>halationes</strong></span> <span class='ocrx_word' id='word_1_217' title='bbox 429 3202 474 3245; x_wconf 82' lang='lat' dir='ltr'><strong>ex</strong></span> <span class='ocrx_word' id='word_1_218' title='bbox 498 3181 627 3260; x_wconf 91' lang='lat' dir='ltr'><strong>oleosis‚</strong></span> <span class='ocrx_word' id='word_1_219' title='bbox 653 3181 730 3244; x_wconf 88' lang='lat' dir='ltr'><strong>licet</strong></span> <span class='ocrx_word' id='word_1_220' title='bbox 752 3178 847 3244; x_wconf 88' lang='lat' dir='ltr'><strong>facile</strong></span> <span class='ocrx_word' id='word_1_221' title='bbox 875 3176 1137 3254; x_wconf 88' lang='lat' dir='ltr'><strong>inflammabiles,</strong></span> <span class='ocrx_word' id='word_1_222' title='bbox 1163 3186 1276 3242; x_wconf 92' lang='lat' dir='ltr'><strong>tamen</strong></span> <span class='ocrx_word' id='word_1_223' title='bbox 1303 3200 1370 3243; x_wconf 90' lang='lat' dir='ltr'><strong>non</strong></span> 
     </span>
     <span class='ocr_line' id='line_1_28' title="bbox 219 3281 1370 3366; baseline -0.002 -19"><span class='ocrx_word' id='word_1_224' title='bbox 219 3283 429 3350; x_wconf 91' lang='lat' dir='ltr'><strong>inveniuntur</strong></span> <span class='ocrx_word' id='word_1_225' title='bbox 458 3285 594 3364; x_wconf 87' lang='lat' dir='ltr'><strong>calidae,</strong></span> <span class='ocrx_word' id='word_1_226' title='bbox 622 3285 683 3350; x_wconf 92' lang='lat' dir='ltr'><strong>nisi</strong></span> <span class='ocrx_word' id='word_1_227' title='bbox 712 3303 733 3348; x_wconf 90' lang='lat' dir='ltr'><strong>a</strong></span> <span class='ocrx_word' id='word_1_228' title='bbox 763 3301 898 3366; x_wconf 88' lang='lat' dir='ltr'><strong>corpore</strong></span> <span class='ocrx_word' id='word_1_229' title='bbox 927 3281 1035 3346; x_wconf 89' lang='lat' dir='ltr'><strong>calido</strong></span> <span class='ocrx_word' id='word_1_230' title='bbox 1061 3291 1209 3346; x_wconf 91' lang='lat' dir='ltr'><strong>recenter</strong></span> <span class='ocrx_word' id='word_1_231' title='bbox 1235 3283 1370 3346; x_wconf 88' lang='lat' dir='ltr'><strong>exhala-</strong></span> 
     </span>
     <span class='ocr_line' id='line_1_29' title="bbox 219 3389 335 3454; baseline 0.034 -4"><span class='ocrx_word' id='word_1_232' title='bbox 219 3389 335 3454; x_wconf 89' lang='lat' dir='ltr'><strong>verint.</strong></span> 
     </span>
    </p>

    <p class='ocr_par' dir='ltr' id='par_1_6' title="bbox 220 3487 1374 3888">
     <span class='ocr_line' id='line_1_30' title="bbox 244 3487 1372 3575; baseline 0.001 -24"><span class='ocrx_word' id='word_1_233' title='bbox 244 3508 340 3550; x_wconf 67' lang='lat' dir='ltr'><strong>aaron·</strong></span> <span class='ocrx_word' id='word_1_234' title='bbox 350 3512 390 3551; x_wconf 73' lang='lat' dir='ltr'><strong>1o.</strong></span> <span class='ocrx_word' id='word_1_235' title='bbox 439 3491 599 3558; x_wconf 91' lang='lat' dir='ltr'><strong>Similiter</strong></span> <span class='ocrx_word' id='word_1_236' title='bbox 626 3492 693 3556; x_wconf 67' lang='lat' dir='ltr'><strong>aeri</strong></span> <span class='ocrx_word' id='word_1_237' title='bbox 724 3491 785 3575; x_wconf 93' lang='lat' dir='ltr'><strong>ipsi</strong></span> <span class='ocrx_word' id='word_1_238' title='bbox 815 3489 953 3555; x_wconf 88' lang='lat' dir='ltr'><strong>ferventi</strong></span> <span class='ocrx_word' id='word_1_239' title='bbox 982 3487 1192 3572; x_wconf 86' lang='lat' dir='ltr'><strong>subjungitur</strong></span> <span class='ocrx_word' id='word_1_240' title='bbox 1220 3488 1372 3570; x_wconf 78' lang='lat' dir='ltr'><strong>negativa</strong></span> 
     </span>
     <span class='ocr_line' id='line_1_31' title="bbox 220 3592 1372 3681; baseline -0.006 -22"><span class='ocrx_word' id='word_1_241' title='bbox 220 3604 356 3662; x_wconf 85' lang='lat' dir='ltr'><strong>naturae</strong></span> <span class='ocrx_word' id='word_1_242' title='bbox 385 3598 471 3662; x_wconf 67' lang='lat' dir='ltr'><strong>aeris</strong></span> <span class='ocrx_word' id='word_1_243' title='bbox 496 3597 607 3681; x_wconf 91' lang='lat' dir='ltr'><strong>ipsius.</strong></span> <span class='ocrx_word' id='word_1_244' title='bbox 660 3598 779 3679; x_wconf 92' lang='lat' dir='ltr'><strong>Neque</strong></span> <span class='ocrx_word' id='word_1_245' title='bbox 808 3595 896 3660; x_wconf 90' lang='lat' dir='ltr'><strong>enim</strong></span> <span class='ocrx_word' id='word_1_246' title='bbox 923 3595 1085 3658; x_wconf 90' lang='lat' dir='ltr'><strong>invenitur</strong></span> <span class='ocrx_word' id='word_1_247' title='bbox 1110 3592 1200 3675; x_wconf 90' lang='lat' dir='ltr'><strong>apud</strong></span> <span class='ocrx_word' id='word_1_248' title='bbox 1228 3612 1287 3654; x_wconf 90' lang='lat' dir='ltr'><strong>nos</strong></span> <span class='ocrx_word' id='word_1_249' title='bbox 1314 3598 1372 3654; x_wconf 82' lang='lat' dir='ltr'><strong>ae&#39;r</strong></span> 
     </span>
     <span class='ocr_line' id='line_1_32' title="bbox 222 3693 1374 3782; baseline -0.007 -17"><span class='ocrx_word' id='word_1_250' title='bbox 222 3702 366 3782; x_wconf 81' lang='lat' dir='ltr'><strong>calidus3</strong></span> <span class='ocrx_word' id='word_1_251' title='bbox 390 3705 452 3767; x_wconf 92' lang='lat' dir='ltr'><strong>nisi</strong></span> <span class='ocrx_word' id='word_1_252' title='bbox 472 3703 568 3766; x_wconf 88' lang='lat' dir='ltr'><strong>fuerit</strong></span> <span class='ocrx_word' id='word_1_253' title='bbox 588 3711 646 3766; x_wconf 90' lang='lat' dir='ltr'><strong>aut</strong></span> <span class='ocrx_word' id='word_1_254' title='bbox 666 3701 848 3775; x_wconf 88' lang='lat' dir='ltr'><strong>conclusus,</strong></span> <span class='ocrx_word' id='word_1_255' title='bbox 864 3708 924 3763; x_wconf 93' lang='lat' dir='ltr'><strong>aut</strong></span> <span class='ocrx_word' id='word_1_256' title='bbox 943 3697 1103 3776; x_wconf 84' lang='lat' dir='ltr'><strong>attritus⁵,</strong></span> <span class='ocrx_word' id='word_1_257' title='bbox 1118 3705 1177 3760; x_wconf 91' lang='lat' dir='ltr'><strong>aut</strong></span> <span class='ocrx_word' id='word_1_258' title='bbox 1199 3693 1374 3758; x_wconf 85' lang='lat' dir='ltr'><strong>manifeste</strong></span> 
     </span>
     <span class='ocr_line' id='line_1_33' title="bbox 222 3799 1248 3888; baseline -0.01 -18"><span class='ocrx_word' id='word_1_259' title='bbox 222 3805 398 3872; x_wconf 86' lang='lat' dir='ltr'><strong>calefactus</strong></span> <span class='ocrx_word' id='word_1_260' title='bbox 420 3828 440 3871; x_wconf 91' lang='lat' dir='ltr'><strong>a</strong></span> <span class='ocrx_word' id='word_1_261' title='bbox 463 3807 542 3886; x_wconf 88' lang='lat' dir='ltr'><strong>sole,</strong></span> <span class='ocrx_word' id='word_1_262' title='bbox 565 3807 649 3888; x_wconf 86' lang='lat' dir='ltr'><strong>igne,</strong></span> <span class='ocrx_word' id='word_1_263' title='bbox 672 3813 729 3868; x_wconf 89' lang='lat' dir='ltr'><strong>aut</strong></span> <span class='ocrx_word' id='word_1_264' title='bbox 752 3803 863 3885; x_wconf 90' lang='lat' dir='ltr'><strong>aliquo</strong></span> <span class='ocrx_word' id='word_1_265' title='bbox 885 3800 950 3864; x_wconf 87' lang='lat' dir='ltr'><strong>alio</strong></span> <span class='ocrx_word' id='word_1_266' title='bbox 973 3821 1109 3882; x_wconf 93' lang='lat' dir='ltr'><strong>corpore</strong></span> <span class='ocrx_word' id='word_1_267' title='bbox 1131 3799 1248 3863; x_wconf 80' lang='lat' dir='ltr'><strong>calido,</strong></span> 
     </span>
    </p>
   </div>
   <div class='ocr_carea' id='block_1_3' title="bbox 220 4010 1374 4333">
    <p class='ocr_par' dir='ltr' id='par_1_7' title="bbox 220 4010 1373 4176">
     <span class='ocr_line' id='line_1_34' title="bbox 256 4010 1373 4089; baseline -0.014 -10"><span class='ocrx_word' id='word_1_268' title='bbox 256 4022 483 4078; x_wconf 77' lang='lat' dir='ltr'><strong>⁵Luciola=the</strong></span> <span class='ocrx_word' id='word_1_269' title='bbox 508 4019 616 4089; x_wconf 78' lang='lat' dir='ltr'><strong>fine-fly,</strong></span> <span class='ocrx_word' id='word_1_270' title='bbox 636 4013 853 4070; x_wconf 84' lang='lat' dir='ltr'><strong>cicindela=tbe</strong></span> <span class='ocrx_word' id='word_1_271' title='bbox 873 4011 1054 4079; x_wconf 77' lang='lat' dir='ltr'><strong>glou-worm.</strong></span> <span class='ocrx_word' id='word_1_272' title='bbox 1099 4011 1143 4064; x_wconf 85' lang='lat' dir='ltr'><strong>All</strong></span> <span class='ocrx_word' id='word_1_273' title='bbox 1166 4010 1215 4064; x_wconf 91' lang='lat' dir='ltr'><strong>the</strong></span> <span class='ocrx_word' id='word_1_274' title='bbox 1237 4010 1373 4064; x_wconf 86' lang='lat' dir='ltr'><strong>instauoes</strong></span> 
     </span>
     <span class='ocr_line' id='line_1_35' title="bbox 220 4095 1090 4176; baseline -0.015 -14"><span class='ocrx_word' id='word_1_275' title='bbox 220 4108 300 4176; x_wconf 79' lang='lat' dir='ltr'><strong>given</strong></span> <span class='ocrx_word' id='word_1_276' title='bbox 313 4109 340 4161; x_wconf 92' lang='lat' dir='ltr'><strong>in</strong></span> <span class='ocrx_word' id='word_1_277' title='bbox 353 4108 406 4161; x_wconf 89' lang='lat' dir='ltr'><strong>this</strong></span> <span class='ocrx_word' id='word_1_278' title='bbox 419 4107 525 4160; x_wconf 88' lang='lat' dir='ltr'><strong>section</strong></span> <span class='ocrx_word' id='word_1_279' title='bbox 538 4119 585 4158; x_wconf 89' lang='lat' dir='ltr'><strong>are</strong></span> <span class='ocrx_word' id='word_1_280' title='bbox 597 4101 771 4170; x_wconf 87' lang='lat' dir='ltr'><strong>phenomena</strong></span> <span class='ocrx_word' id='word_1_281' title='bbox 783 4096 816 4149; x_wconf 89' lang='lat' dir='ltr'><strong>of</strong></span> <span class='ocrx_word' id='word_1_282' title='bbox 824 4095 1090 4166; x_wconf 85' lang='lat' dir='ltr'><strong>phosphorescence.</strong></span> 
     </span>
    </p>

    <p class='ocr_par' dir='ltr' id='par_1_8' title="bbox 220 4176 1374 4333">
     <span class='ocr_line' id='line_1_36' title="bbox 256 4176 1373 4260; baseline -0.012 -16"><span class='ocrx_word' id='word_1_283' title='bbox 256 4190 268 4222; x_wconf 85' lang='lat'><strong>⁴</strong></span> <span class='ocrx_word' id='word_1_284' title='bbox 286 4190 428 4260; x_wconf 88' lang='lat' dir='ltr'><strong>Sulphuric</strong></span> <span class='ocrx_word' id='word_1_285' title='bbox 442 4189 520 4244; x_wconf 84' lang='lat' dir='ltr'><strong>Acid.</strong></span> <span class='ocrx_word' id='word_1_286' title='bbox 557 4190 609 4241; x_wconf 85' lang='lat' dir='ltr'><strong>See</strong></span> <span class='ocrx_word' id='word_1_287' title='bbox 621 4190 688 4238; x_wconf 88' lang='lat' dir='ltr'><strong>note</strong></span> <span class='ocrx_word' id='word_1_288' title='bbox 701 4187 734 4249; x_wconf 82' lang='lat'><strong>⁶5</strong></span> <span class='ocrx_word' id='word_1_289' title='bbox 748 4181 842 4236; x_wconf 87' lang='lat' dir='ltr'><strong>above.</strong></span> <span class='ocrx_word' id='word_1_290' title='bbox 880 4180 936 4233; x_wconf 92' lang='lat' dir='ltr'><strong>We</strong></span> <span class='ocrx_word' id='word_1_291' title='bbox 954 4195 1018 4250; x_wconf 83' lang='lat' dir='ltr'><strong>may</strong></span> <span class='ocrx_word' id='word_1_292' title='bbox 1034 4181 1102 4233; x_wconf 85' lang='lat' dir='ltr'><strong>bere</strong></span> <span class='ocrx_word' id='word_1_293' title='bbox 1119 4177 1197 4245; x_wconf 78' lang='lat' dir='ltr'><strong>again</strong></span> <span class='ocrx_word' id='word_1_294' title='bbox 1214 4176 1307 4231; x_wconf 87' lang='lat' dir='ltr'><strong>notice</strong></span> <span class='ocrx_word' id='word_1_295' title='bbox 1324 4177 1373 4231; x_wconf 88' lang='lat' dir='ltr'><strong>the</strong></span> 
     </span>
     <span class='ocr_line' id='line_1_37' title="bbox 220 4259 1374 4333; baseline -0.014 -3"><span class='ocrx_word' id='word_1_296' title='bbox 220 4290 295 4330; x_wconf 83' lang='lat' dir='ltr'><strong>same</strong></span> <span class='ocrx_word' id='word_1_297' title='bbox 309 4274 453 4330; x_wconf 81' lang='lat' dir='ltr'><strong>confusion</strong></span> <span class='ocrx_word' id='word_1_298' title='bbox 465 4289 494 4327; x_wconf 88' lang='lat' dir='ltr'><strong>as</strong></span> <span class='ocrx_word' id='word_1_299' title='bbox 510 4270 607 4325; x_wconf 83' lang='lat' dir='ltr'><strong>before</strong></span> <span class='ocrx_word' id='word_1_300' title='bbox 618 4268 746 4322; x_wconf 89' lang='lat' dir='ltr'><strong>between</strong></span> <span class='ocrx_word' id='word_1_301' title='bbox 758 4266 805 4320; x_wconf 90' lang='lat' dir='ltr'><strong>the</strong></span> <span class='ocrx_word' id='word_1_302' title='bbox 818 4271 1008 4333; x_wconf 86' lang='lat' dir='ltr'><strong>temperature</strong></span> <span class='ocrx_word' id='word_1_303' title='bbox 1023 4262 1056 4317; x_wconf 85' lang='lat' dir='ltr'><strong>of</strong></span> <span class='ocrx_word' id='word_1_304' title='bbox 1071 4277 1106 4316; x_wconf 89' lang='lat' dir='ltr'><strong>an</strong></span> <span class='ocrx_word' id='word_1_305' title='bbox 1122 4261 1217 4332; x_wconf 87' lang='lat' dir='ltr'><strong>object</strong></span> <span class='ocrx_word' id='word_1_306' title='bbox 1234 4259 1310 4314; x_wconf 82' lang='lat' dir='ltr'><strong>itself</strong></span> <span class='ocrx_word' id='word_1_307' title='bbox 1320 4261 1374 4314; x_wconf 89' lang='lat' dir='ltr'><strong>and</strong></span> 
     </span>
    </p>
   </div>
   <div class='ocr_carea' id='block_1_4' title="bbox 220 4352 1375 4509">
    <p class='ocr_par' dir='ltr' id='par_1_9' title="bbox 220 4352 1375 4509">
     <span class='ocr_line' id='line_1_38' title="bbox 220 4352 929 4412; baseline -0.016 1"><span class='ocrx_word' id='word_1_308' title='bbox 220 4356 269 4412; x_wconf 84' lang='lat' dir='ltr'><strong>the</strong></span> <span class='ocrx_word' id='word_1_309' title='bbox 280 4373 397 4412; x_wconf 83' lang='lat' dir='ltr'><strong>manner</strong></span> <span class='ocrx_word' id='word_1_310' title='bbox 408 4357 436 4410; x_wconf 89' lang='lat' dir='ltr'><strong>in</strong></span> <span class='ocrx_word' id='word_1_311' title='bbox 449 4355 538 4410; x_wconf 88' lang='lat' dir='ltr'><strong>which</strong></span> <span class='ocrx_word' id='word_1_312' title='bbox 550 4355 571 4407; x_wconf 93' lang='lat' dir='ltr'><strong>it</strong></span> <span class='ocrx_word' id='word_1_313' title='bbox 584 4352 680 4406; x_wconf 82' lang='lat' dir='ltr'><strong>affects</strong></span> <span class='ocrx_word' id='word_1_314' title='bbox 691 4366 743 4404; x_wconf 88' lang='lat' dir='ltr'><strong>our</strong></span> <span class='ocrx_word' id='word_1_315' title='bbox 755 4363 855 4402; x_wconf 86' lang='lat' dir='ltr'><strong>senses.</strong></span> <span class='ocrx_word' id='word_1_316' title='bbox 926 4395 929 4402; x_wconf 95' lang='lat'><strong>.</strong></span> 
     </span>
     <span class='ocr_line' id='line_1_39' title="bbox 257 4426 1375 4509; baseline -0.013 -15"><span class='ocrx_word' id='word_1_317' title='bbox 257 4438 268 4470; x_wconf 79' lang='lat'><strong>⁶</strong></span> <span class='ocrx_word' id='word_1_318' title='bbox 286 4440 451 4509; x_wconf 84' lang='lat' dir='ltr'><strong>‘Subjected</strong></span> <span class='ocrx_word' id='word_1_319' title='bbox 468 4443 499 4493; x_wconf 87' lang='lat' dir='ltr'><strong>to</strong></span> <span class='ocrx_word' id='word_1_320' title='bbox 518 4437 647 4491; x_wconf 87' lang='lat' dir='ltr'><strong>friction.’</strong></span> <span class='ocrx_word' id='word_1_321' title='bbox 692 4433 756 4489; x_wconf 89' lang='lat' dir='ltr'><strong>The</strong></span> <span class='ocrx_word' id='word_1_322' title='bbox 771 4432 848 4485; x_wconf 87' lang='lat' dir='ltr'><strong>word</strong></span> <span class='ocrx_word' id='word_1_323' title='bbox 866 4435 968 4485; x_wconf 85' lang='lat' dir='ltr'><strong>cannot</strong></span> <span class='ocrx_word' id='word_1_324' title='bbox 986 4446 1068 4484; x_wconf 87' lang='lat' dir='ltr'><strong>mean</strong></span> <span class='ocrx_word' id='word_1_325' title='bbox 1087 4428 1208 4497; x_wconf 77' lang='lat' dir='ltr'><strong>agitated</strong></span> <span class='ocrx_word' id='word_1_326' title='bbox 1227 4444 1260 4480; x_wconf 89' lang='lat' dir='ltr'><strong>or</strong></span> <span class='ocrx_word' id='word_1_327' title='bbox 1277 4430 1328 4495; x_wconf 90' lang='lat' dir='ltr'><strong>put</strong></span> <span class='ocrx_word' id='word_1_328' title='bbox 1346 4426 1375 4480; x_wconf 88' lang='lat' dir='ltr'><strong>in</strong></span> 
     </span>
    </p>
   </div>
   <div class='ocr_carea' id='block_1_5' title="bbox 221 4512 1315 4593">
    <p class='ocr_par' dir='ltr' id='par_1_10' title="bbox 221 4512 1315 4593">
     <span class='ocr_line' id='line_1_40' title="bbox 221 4512 1315 4593; baseline -0.011 -15"><span class='ocrx_word' id='word_1_329' title='bbox 221 4523 344 4593; x_wconf 86' lang='lat' dir='ltr'><strong>motion;</strong></span> <span class='ocrx_word' id='word_1_330' title='bbox 363 4521 408 4578; x_wconf 90' lang='lat' dir='ltr'><strong>for</strong></span> <span class='ocrx_word' id='word_1_331' title='bbox 420 4523 466 4577; x_wconf 87' lang='lat' dir='ltr'><strong>the</strong></span> <span class='ocrx_word' id='word_1_332' title='bbox 479 4537 590 4593; x_wconf 79' lang='lat' dir='ltr'><strong>passage</strong></span> <span class='ocrx_word' id='word_1_333' title='bbox 603 4518 693 4574; x_wconf 88' lang='lat' dir='ltr'><strong>would</strong></span> <span class='ocrx_word' id='word_1_334' title='bbox 707 4516 774 4571; x_wconf 89' lang='lat' dir='ltr'><strong>then</strong></span> <span class='ocrx_word' id='word_1_335' title='bbox 787 4515 944 4570; x_wconf 86' lang='lat' dir='ltr'><strong>contradict</strong></span> <span class='ocrx_word' id='word_1_336' title='bbox 956 4514 1030 4570; x_wconf 89' lang='lat' dir='ltr'><strong>what</strong></span> <span class='ocrx_word' id='word_1_337' title='bbox 1042 4515 1064 4569; x_wconf 86' lang='lat' dir='ltr'><strong>is</strong></span> <span class='ocrx_word' id='word_1_338' title='bbox 1075 4513 1134 4568; x_wconf 87' lang='lat' dir='ltr'><strong>said</strong></span> <span class='ocrx_word' id='word_1_339' title='bbox 1146 4513 1175 4566; x_wconf 90' lang='lat' dir='ltr'><strong>in</strong></span> <span class='ocrx_word' id='word_1_340' title='bbox 1190 4512 1257 4566; x_wconf 86' lang='lat' dir='ltr'><strong>inst.</strong></span> <span class='ocrx_word' id='word_1_341' title='bbox 1272 4527 1315 4566; x_wconf 74' lang='lat' dir='ltr'><strong>aa.</strong></span> 
     </span>
    </p>
   </div>
   <div class='ocr_carea' id='block_1_6' title="bbox 0 0 1669 5102">
    <p class='ocr_par' dir='ltr' id='par_1_11' title="bbox 0 0 1669 5102">
     <span class='ocr_line' id='line_1_41' title="bbox 0 0 1669 5102; baseline 0 0"><span class='ocrx_word' id='word_1_342' title='bbox 0 0 1669 5102; x_wconf 95' lang='lat' dir='ltr'><strong> </strong></span> 
     </span>
    </p>
   </div>
  </div>
 </body>
</html>
