3324 5110
660 452 741 508 ΜΒ.
765 453 791 508 J.
815 463 866 528 90.
1274 445 1337 532 289

180 614 343 680 exercitia
366 615 412 682 ita
435 626 511 682 sunt
534 617 704 699 disposita,
728 627 764 681 ut
783 616 873 682 aliud
895 639 915 682 a
938 618 1102 683 consuetis
1123 619 1213 684 haud
1244 620 1339 684 lacile

184 722 339 803 cuiquam
358 722 391 786 in
409 732 553 787 mentem
568 723 680 786 veniat
696 722 841 804 cogitare
856 732 914 786 aut
934 724 1161 805 contemplari.
1206 723 1243 789 Si
1261 745 1339 787 vero

186 845 270 888 unus
292 835 351 889 aut
370 825 455 889 alter
475 826 611 889 sortasse
630 826 745 908 judicii
767 826 920 891 libertate
942 827 991 890 uti
1016 828 1215 906 sustinuerit,
1234 829 1260 891 is
1277 827 1340 891 sibi

186 929 248 993 soli
275 929 361 994 hanc
390 950 526 1013 operam
548 930 718 1012 imponere
741 929 866 1012 possit;
891 930 935 992 ab
960 929 1100 995 aliorum
1125 941 1236 996 autem
1262 951 1340 996 con·

187 1034 288 1097 sortio
305 1033 384 1097 nihil
408 1034 516 1116 capiet
539 1033 699 1098 utilitatis,
744 1033 805 1098 Sin
821 1044 855 1099 et
876 1034 940 1099 hoc
964 1035 1162 1114 toleraverit,
1176 1045 1290 1100 tamen
1307 1036 1341 1097 in

187 1139 391 1219 capessenda
413 1137 544 1201 fortuna
566 1138 760 1202 industriam
783 1139 868 1203 hanc
892 1147 926 1202 et
948 1141 1259 1222 magnanimitatem
1278 1139 1341 1202 sibi

188 1261 254 1304 non
271 1242 333 1304 levi
349 1241 587 1324 impedimento
602 1241 672 1303 fore
686 1243 884 1323 experietur.
929 1242 1049 1307 Studia
1065 1243 1153 1307 enim
1169 1242 1340 1307 hominum

188 1344 221 1408 in
244 1345 406 1429 ejusmodi
429 1347 508 1410 locis
531 1347 564 1409 in
588 1347 795 1428 quorundam
822 1346 998 1410 authorum
1024 1348 1154 1429 scripta,
1181 1347 1284 1411 veluti
1309 1349 1342 1412 in

188 1470 343 1526 carceres,
365 1449 517 1514 conclusa
539 1460 616 1515 sunt
628 1471 635 1528 ;
659 1470 679 1512 a
702 1450 821 1532 quibus
843 1451 870 1514 si
893 1453 966 1533 quis
989 1451 1169 1526 dissentiat,
1186 1452 1343 1516 continuo

189 1565 226 1618 ut
248 1554 349 1619 homo
364 1555 514 1618 turbidus
538 1564 572 1618 et
594 1575 701 1619 rerum
725 1575 882 1619 novarum
906 1556 1044 1639 cupidus
1067 1556 1247 1638 corripitur.
1291 1555 1343 1620 At

190 1680 347 1741 magnum
364 1667 451 1724 certe
467 1661 641 1724 discrimen
665 1661 749 1724 inter
767 1681 818 1724 res
840 1661 952 1724 civiles
976 1669 1009 1724 et
1031 1670 1141 1724 artes:
1165 1681 1231 1723 non
1255 1661 1343 1724 enim

190 1764 279 1827 idem
295 1764 474 1845 periculum
490 1785 510 1827 a
526 1785 612 1828 novo
629 1775 720 1829 motu
736 1775 804 1829 eta
820 1785 905 1829 nova
921 1765 1003 1829 luce.
1047 1766 1173 1829 Ventm
1193 1765 1226 1828 in
1247 1765 1343 1829 rebus

190 1867 337 1932 civilibus
364 1869 503 1932 mutatio
528 1869 628 1933 etiam
655 1869 688 1931 in
712 1869 828 1934 melius
851 1879 1004 1952 suspecta
1028 1879 1079 1934 est
1105 1871 1148 1934 ob
1172 1871 1342 1952 perturba·

190 1973 336 2050 tionem;
358 1993 433 2036 cum
456 1973 562 2036 civilia
585 1973 793 2048 authoritate,
818 1995 988 2054 consensu,
1004 1974 1103 2048 sama,
1121 1986 1154 2039 et
1177 1975 1343 2057 opinione,

190 2095 257 2138 non
273 2075 596 2154 demonstratione⁶⁰,
614 2077 771 2141 nitantur.
818 2077 857 2140 In
872 2079 997 2141 artibus
1012 2088 1125 2143 autem
1142 2089 1175 2143 et
1190 2079 1344 2157 scientiis,

191 2321 225 2374 ln
243 2321 291 2375 the
309 2327 412 2376 statute
430 2324 582 2392 regulating
600 2322 648 2377 tbe
661 2323 751 2377 duties
769 2323 801 2376 of
819 2323 868 2377 the
889 2324 981 2390 Chair,
999 2323 1080 2379 there
1099 2325 1121 2379 is
1140 2333 1190 2380 not
1207 2325 1298 2380 ahint
1314 2324 1346 2378 of

190 2422 244 2475 any
259 2405 445 2474 independent
463 2413 613 2460 treatment
632 2405 664 2459 of
679 2406 727 2459 the
745 2406 862 2474 subject.
900 2407 964 2460 The
981 2413 1097 2462 statutes
1115 2409 1148 2462 ol
1162 2409 1210 2463 the
1229 2409 1343 2462 Savilian

192 2489 336 2543 Professor
351 2488 384 2541 oi
397 2490 572 2559 Astronomy,
589 2489 726 2555 however,
743 2488 832 2542 which
848 2488 912 2542 date
929 2488 1001 2542 from
1018 2493 1093 2556 1619,
1107 2491 1195 2544 direct
1212 2490 1260 2545 the
1274 2491 1344 2544 Pro·

190 2572 287 2638 sessor,
311 2590 347 2626 on
372 2574 508 2639 occasion,
533 2581 563 2626 to
589 2572 663 2627 refer
687 2579 717 2626 to
741 2573 789 2625 the
814 2572 935 2625 theon'es
956 2589 990 2625 or
1011 2573 1175 2627 discoveries
1196 2574 1229 2628 oi
1247 2579 1345 2628 recent

191 2658 315 2710 writers:
342 2657 549 2710 ‘Astronomlae
570 2655 713 2710 Professor
738 2655 773 2709 ad
797 2672 876 2708 suurn
897 2671 996 2709 munus
1017 2659 1085 2710 sciat
1106 2658 1260 2710 necessario
1279 2673 1343 2725 per·

192 2740 281 2792 tinere
312 2741 568 2809 interpretationem
593 2739 679 2792 totius
703 2737 919 2792 Mathematicae
945 2739 1166 2792 Constructionis
1192 2741 1344 2794 Ptolemaei

193 2825 392 2894 (Almagestum
413 2823 533 2892 vocant),
554 2823 689 2890 adhibitis,
711 2839 761 2876 suo
787 2823 858 2889 loco,
880 2823 1037 2891 Copernici,
1057 2822 1154 2890 Gebri,
1176 2830 1206 2878 et
1230 2825 1345 2878 aliorum

194 2906 391 2960 Recentiorum
405 2907 537 2962 inventis!

229 2991 321 3044 Bacon
340 3007 453 3060 pursues
470 2991 524 3044 this
543 2992 693 3060 complaint
711 2997 739 3044 at
758 2996 867 3059 greater
885 2991 979 3058 length
995 2991 1022 3044 in
1041 2991 1089 3045 the
1103 2991 1297 3046 Introduction
1313 2998 1346 3046 to

192 3076 240 3129 the
260 3075 367 3129 Second
386 3075 464 3129 Book
483 3074 515 3128 of
531 3075 578 3128 the
599 3075 642 3126 De
660 3075 822 3141 Augmentis
842 3075 887 3144 (E.
904 3075 958 3128 and
977 3077 1013 3142 8.,
1032 3075 1085 3129 vol.
1101 3076 1118 3128 i.
1137 3092 1181 3145 pp.
1201 3075 1347 3145 487-492).

193 3159 247 3214 His
259 3159 396 3224 ownidea
416 3159 448 3212 ol
462 3175 497 3213 an
513 3159 669 3213 institution
682 3157 726 3211 lor
743 3159 792 3212 the
809 3158 1008 3213 advancement
1025 3158 1057 3212 ol
1069 3161 1181 3213 science
1193 3160 1216 3214 is
1227 3161 1305 3228 given
1319 3159 1346 3213 in

191 3244 240 3300 the
252 3243 322 3304 New
334 3243 460 3296 Atlantis.

228 3328 292 3380 The
309 3327 406 3380 letters
424 3325 535 3380 written
553 3325 590 3394 by
603 3325 697 3380 Bacon
714 3331 746 3379 to
763 3325 812 3381 the
825 3326 1005 3380 Universities
1021 3325 1054 3379 ol
1068 3327 1176 3381 Oxford
1192 3328 1246 3380 and
1263 3329 1346 3381 Cam-

193 3411 297 3478 bridge,
320 3411 374 3464 and
394 3415 425 3462 to
444 3409 558 3478 Trinity
578 3409 697 3479 College,
718 3411 893 3476 Cambridge,
915 3426 952 3464 on
973 3410 1089 3479 sending
1109 3411 1186 3465 them
1205 3412 1297 3481 copies
1318 3409 1350 3463 of

193 3494 236 3547 his
253 3494 352 3560 works,
370 3509 417 3547 are
439 3493 601 3560 interesting
620 3493 647 3546 in
668 3495 834 3547 connection
856 3493 923 3548 with
944 3494 998 3547 this
1018 3494 1174 3563 Aphorism.
1210 3494 1275 3548 The
1293 3494 1346 3547 fol·

192 3579 292 3644 lowing
311 3578 331 3630 is
350 3576 397 3631 the
416 3576 500 3630 letter
518 3576 654 3630 inscribed
673 3577 701 3630 in
719 3578 766 3630 the
785 3593 856 3647 copy
869 3576 901 3630 of
917 3577 965 3632 the
986 3578 1030 3630 De
1048 3577 1219 3646 Augmentis,
1236 3584 1298 3631 sent
1314 3582 1347 3629 to

192 3661 240 3715 the
254 3661 411 3729 University
424 3659 457 3713 of
467 3658 589 3714 Oniord:

230 3743 408 3798 ‘Franciscus
425 3743 498 3798 Baro
519 3744 554 3796 de
575 3743 742 3812 Verulamio,
764 3744 927 3798 Vicecomes
946 3740 997 3794 8⁰2¹
1015 3744 1120 3810 Albani,
1141 3743 1258 3810 inclytae
1277 3741 1348 3795 Aca-

195 3827 300 3881 demiae
314 3827 463 3881 Oxonlensi
483 3828 510 3881 8.

232 3911 302 3964 Cum
327 3911 424 3965 Almae
448 3909 530 3963 matri
555 3925 633 3962 meae
659 3909 723 3961 incl.
749 3909 915 3962 Academiae
940 3908 1158 3975 Cantabrigiensi
1186 3907 1350 3976 scripserim,

194 3994 318 4048 deessem
340 4009 406 4047 sane
431 3993 530 4059 offici0,
549 3992 571 4045 si
596 3992 683 4045 simile
705 3991 806 4045 amoris
828 3992 923 4060 pignus
943 3993 1031 4044 sorori
1050 3991 1110 4060 ejus
1127 4006 1183 4043 non
1202 3991 1349 4045 deferrem.

195 4076 271 4130 Sicut
291 4083 384 4130 autem
406 4092 454 4130 eos
473 4076 599 4129 hortatus
620 4091 689 4140 sum,
710 4074 798 4128 itaet
818 4089 866 4127 vos
885 4074 998 4141 bort0r;
1026 4079 1057 4127 ut
1075 4074 1256 4127 scientiarum
1275 4074 1349 4141 Aug·

194 4160 296 4213 mentis
313 4165 425 4214 strenue
444 4158 617 4225 incumbatis,
637 4163 667 4211 et
684 4162 809 4211 veterum
829 4157 935 4211 labores
953 4173 1044 4225 neque
1063 4156 1129 4209 nihil
1148 4172 1238 4225 neque
1258 4157 1350 4210 omnia

195 4259 253 4298 esse
266 4243 377 4312 putetis,
390 4243 439 4296 sed
451 4243 521 4295 vires
533 4242 617 4296 etiam
629 4242 752 4311 proprias
764 4241 889 4294 modeste
906 4240 1115 4309 perpendentes,
1127 4240 1242 4293 subinde
1255 4247 1348 4293 tamen

195 4327 381 4393 experiamini.
418 4327 518 4379 Omnia
530 4325 631 4379 cedent
640 4341 724 4394 quam
735 4327 848 4394 optime,
861 4325 884 4377 si
896 4339 972 4378 arma
985 4340 1039 4376 non
1052 4324 1096 4376 alii
1109 4324 1134 4376 in
1148 4323 1215 4376 alios
1227 4323 1349 4390 vertatis,

195 4409 244 4464 sed
250 4409 356 4479 junctis
367 4409 451 4478 copiis
465 4409 491 4461 in
502 4408 636 4462 Naturam
649 4425 742 4463 rerum
757 4409 963 4479 impressionem
976 4405 1088 4461 faciatis.
1118 4406 1238 4460 Sufficiet
1248 4407 1349 4476 quippe

197 4492 242 4548 illa
255 4493 353 4545 honori
366 4499 395 4544 et
408 4492 552 4546 victoriae.
588 4492 703 4547 Valete.’

234 4572 257 4606 ⁸⁰
274 4574 346 4628 This
365 4574 387 4629 is
406 4581 458 4629 not
479 4575 657 4630 inconsistent
676 4575 743 4631 with
761 4575 834 4630 what
853 4573 947 4629 Eacon
965 4589 1026 4644 says
1044 4573 1070 4626 in
1090 4572 1160 4644 Aph.
1182 4587 1240 4643 127,
1258 4573 1351 4629 where

760 4677 785 4732 U
