3306 5102
602 434 682 494 ΠΒ.
704 435 747 491 [r.
771 447 909 514 32—33.
1272 447 1335 513 443

226 599 345 684 Itaque
365 597 574 666 adhibendae
596 609 673 664 sunt
696 623 755 666 eae
778 601 955 667 instantiae
978 611 1138 684 tanquam
1159 620 1333 685 praepara·

183 705 288 769 tivum
303 703 449 786 aliquod,
464 704 507 768 ad
523 704 773 769 rectificandum
793 714 827 769 et
848 707 1103 789 expurgandum
1119 705 1332 770 intellectum.

183 806 351 890 Quicquid
363 807 452 871 enim
467 808 604 872 abducit
619 808 824 873 intellectum
838 831 859 874 a
873 811 1046 888 consuetis,
1058 818 1180 892 aequat
1195 818 1230 873 et
1245 828 1334 872 com·

182 911 298 992 planat
322 931 433 974 aream
457 909 529 992 ejus
552 912 596 976 ad
622 912 845 995 recipiendum
869 913 982 978 lumen
1005 915 1128 979 siccum
1154 923 1189 976 et
1215 932 1334 996 purum

182 1015 356 1078 notionum
377 1035 539 1078 verarum.

226 1117 316 1201 Quin
344 1119 444 1181 etiam
469 1117 660 1199 hujusmodi
687 1119 864 1184 instantiae
889 1129 1040 1184 sternunt
1063 1130 1097 1184 et
1123 1127 1333 1203 praestruunt

184 1221 272 1284 viam
288 1223 330 1285 ad
346 1221 570 1303 operativam;
595 1233 632 1286 ut
652 1244 713 1287 suo
733 1223 808 1288 loco
828 1224 983 1303 dicemuS,
1000 1224 1133 1306 quando
1148 1224 1191 1288 de
1205 1221 1333 1286 Deduc-

186 1323 325 1388 tionibus
345 1323 393 1386 ad
412 1323 576 1389 Prarra²⁷
598 1347 707 1390 sermo
729 1327 799 1392 erit.

671 1460 844 1528 XXXIII.

228 1563 320 1626 Inter
337 1564 589 1646 praerogativas
614 1564 851 1631 instantiarum
874 1587 1035 1649 ponemus
1056 1565 1130 1631 loco
1157 1565 1333 1630 undecimo

182 1666 368 1730 Instantius
384 1665 572 1748 Comitatus,
587 1679 688 1752 atque
702 1670 847 1734 Hostiles
855 1667 880 1708 ²⁸
890 1693 905 1746 ,·
935 1691 1018 1755 quas
1034 1671 1134 1734 etiam
1150 1670 1334 1734 Instantius

183 1769 446 1851 Propon'tr'onum
471 1772 635 1836 Fixarum
660 1773 828 1855 appellare
862 1775 1099 1838 consuevimus.
1156 1773 1228 1836 Eae
1257 1781 1335 1836 sunt

184 1872 369 1948 instantiae,
387 1895 473 1956 quae
488 1875 648 1940 exhibent
665 1876 799 1958 aliquod
821 1898 940 1960 corpus
959 1877 1027 1942 sive
1045 1886 1235 1942 concretum
1256 1876 1332 1953 tale,

185 1977 219 2040 in
245 1998 313 2060 quo
338 1987 455 2042 natura
482 1980 636 2064 inquisita
664 1990 824 2062 perpetuo
850 1991 1007 2064 sequatur
1031 1991 1192 2063 tanquam
1223 1999 1334 2044 comes

186 2080 323 2162 quidam
346 2065 552 2147 individuus:
579 2092 637 2147 aut
660 2093 782 2163 contra,
799 2085 832 2147 in
855 2105 921 2166 quo
944 2093 1060 2149 natura
1082 2084 1239 2166 inquisita
1262 2104 1335 2166 per·

187 2193 288 2266 petuo
318 2184 422 2268 fugiat
452 2195 554 2269 atque
585 2208 629 2250 ex
662 2188 821 2250 comitatu
852 2188 1055 2268 excludatur,
1086 2200 1123 2252 ut
1159 2187 1264 2252 hostis
1300 2197 1335 2250 et

188 2288 348 2352 inimicus.
405 2290 494 2353 Nam
521 2310 565 2353 ex
591 2289 780 2371 hujusmodi
811 2291 973 2355 instantiis
1002 2292 1185 2356 formantur
1214 2311 1335 2373 propo-

187 2391 322 2455 sitiones
342 2401 452 2456 certae
472 2402 506 2457 et
525 2393 732 2472 universales,
749 2403 808 2457 aut
827 2394 1046 2477 affirmativae
1066 2404 1124 2459 aut
1141 2395 1334 2477 negativas,·

188 2495 221 2556 in
237 2495 357 2578 quibus
372 2494 557 2577 subjectum
576 2497 637 2560 erit
656 2495 723 2559 tale
744 2515 861 2578 corpus
880 2497 914 2560 in
932 2507 1093 2574 concret0,
1108 2498 1335 2579 praedicatum

187 2618 265 2661 vero
281 2609 397 2664 natura
412 2600 484 2681 ipsa
499 2599 664 2681 inquisita.
707 2599 842 2662 Etenim
863 2601 1103 2682 propositiones
1124 2599 1336 2682 particulares

188 2703 324 2766 omnino
337 2703 430 2786 fixae
447 2723 513 2766 non
536 2713 622 2778 sunt,
642 2703 697 2766 ubi
721 2702 844 2768 scilicet
867 2713 983 2767 natura
1003 2705 1157 2786 inquisita
1177 2704 1337 2785 reperitur

189 2805 222 2867 in
238 2804 351 2888 aliquo
366 2815 519 2870 concreto
535 2806 626 2870 fluxa
639 2816 673 2870 et
686 2806 824 2884 mobilis,
835 2807 896 2871 viz.
911 2808 1071 2870 accedens
1085 2807 1153 2870 sive
1168 2807 1337 2889 acquisita,

189 2919 247 2974 aut
277 2929 387 2972 rursus
419 2910 577 2974 recedens
606 2910 676 2974 sive
707 2910 868 2992 deposita.
928 2909 1091 2993 Quocirca
1125 2909 1337 2993 particulares

188 3013 429 3096 propositiones
458 3032 524 3077 non
548 3013 673 3078 habent
695 3015 964 3096 praerogativam
993 3014 1138 3096 aliquam
1169 3014 1336 3096 majorem,

187 3117 249 3180 nisi
272 3127 403 3180 tantum
426 3117 459 3180 in
482 3137 559 3181 casu
583 3118 815 3198 migrationis,·
846 3119 889 3181 de
912 3139 978 3200 quo
1003 3129 1101 3182 antea
1127 3120 1251 3182 dictum
1278 3127 1338 3182 est.

189 3219 236 3284 Et
262 3220 482 3296 nihilominus,
508 3222 609 3285 etiarn
636 3222 849 3302 particulares
878 3221 955 3285 illae
979 3222 1218 3305 propositiones
1248 3242 1338 3287 corn·

188 3335 324 3410 paratae
354 3335 388 3389 et
418 3324 557 3389 collatae
589 3346 663 3390 cum
694 3326 930 3390 universalibus
961 3325 1101 3390 multum
1128 3325 1246 3408 juvant
1258 3348 1266 3404 ;
1300 3332 1338 3390 ut

187 3450 247 3494 suo
277 3429 351 3494 loco
381 3429 507 3492 dicetur
517 3426 554 3494 ²⁹.
606 3430 726 3512 Neque
755 3440 876 3510 tamen,
907 3431 1009 3494 etiam
1039 3431 1072 3494 in
1103 3430 1339 3494 universalibus

187 3532 258 3596 istis
287 3533 565 3615 propositionibus
595 3543 750 3598 exactam
779 3543 838 3597 aut
867 3534 1054 3598 absolutam
1087 3534 1338 3597 affirmationem

187 3637 239 3701 vel
271 3638 528 3720 abnegationem
560 3638 762 3718 requirimus.
822 3635 950 3700 Sufficit
982 3638 1069 3700 enim
1101 3637 1144 3700 ad
1179 3636 1212 3698 id
1249 3634 1338 3716 quod

188 3785 210 3837 is
227 3783 295 3839 hard
313 3791 344 3838 to
362 3801 408 3838 see
427 3785 498 3854 why,
518 3783 541 3837 if
561 3784 627 3853 they
645 3799 693 3838 are
716 3783 821 3852 merely
838 3784 1022 3851 preliminary,
1041 3782 1108 3851 they
1126 3781 1222 3835 should
1241 3780 1277 3834 be
1296 3781 1337 3833 in-

188 3868 281 3923 serted
299 3870 326 3921 in
345 3867 399 3921 this
416 3869 502 3937 place.

223 3947 246 3981 'l
265 3951 328 4004 The
345 3951 459 4004 seventh
477 3951 504 4005 in
523 3949 607 4003 order
623 3948 656 4002 of
674 3949 721 4002 the
741 3948 863 4017 ‘reliqua
884 3948 982 4002 auxilia
1000 3947 1171 4001 intellectus'
1192 3947 1249 4017 (see
1269 3947 1340 4016 Aph.

190 4031 245 4102 αι).
282 4034 353 4088 This
364 4041 426 4103 part
438 4034 470 4089 of
479 4034 526 4087 the
539 4032 649 4086 Novum
663 4033 804 4100 Organum
817 4031 911 4086 Bacon
923 4047 1008 4086 never
1019 4030 1145 4086 reached.

224 4114 246 4147 ¹⁸
264 4116 358 4172 These
371 4119 507 4172 instances
519 4132 566 4172 are
581 4116 647 4171 such
666 4132 695 4170 as
713 4115 761 4169 the
773 4121 870 4170 nature
883 4115 911 4168 in
924 4115 1052 4184 question
1064 4115 1087 4167 is
1099 4113 1254 4183 constantly
1266 4129 1339 4168 asso·

188 4199 280 4254 ciated
292 4201 368 4268 with,
381 4217 414 4254 or
425 4201 581 4269 constantly
593 4198 757 4253 dissociated
770 4198 851 4254 from.
888 4198 952 4251 The
969 4197 1026 4252 fact
1045 4199 1067 4251 is
1085 4198 1239 4266 expressed,
1252 4199 1280 4250 ln
1293 4197 1341 4252 the

187 4299 241 4338 one
260 4299 331 4350 case,
343 4283 380 4353 by
392 4301 426 4338 an
440 4283 582 4338 Universa!
595 4283 773 4350 Affirmative,
791 4283 854 4350 and,
874 4284 902 4336 ln
918 4283 968 4336 the
987 4282 1076 4348 other,
1093 4282 1180 4351 hyan
1198 4281 1343 4335 Universal

187 4366 322 4435 Negatlve
336 4367 518 4436 Proposition.
556 4367 589 4420 ln
602 4367 669 4420 both
682 4382 766 4434 cases,
779 4368 826 4422 the
843 4367 966 4421 instance
983 4364 1118 4418 furnishes
1131 4364 1178 4418 the
1190 4365 1299 4432 subject
1311 4365 1345 4420 of

188 4451 237 4504 the
249 4451 427 4520 proposition,
440 4451 494 4506 and
506 4451 553 4504 the
565 4459 664 4506 nature
678 4451 705 4504 in
719 4452 847 4520 question
860 4451 908 4505 the
921 4449 1070 4518 predicate.

223 4531 246 4566 ¹⁹
263 4533 311 4589 He
323 4533 427 4588 alludes
439 4541 469 4589 to
480 4535 528 4590 the
542 4534 693 4590 Instantiae
706 4534 900 4604 subjunctivae
913 4533 946 4589 of
955 4534 1002 4587 the
1015 4539 1084 4588 neat
1096 4531 1252 4602 aphorism.
