3324 5110
602 454 682 514 ΜΒ.
706 455 732 513 J.
758 465 936 534 123-124.
1283 467 1344 538 321

193 637 309 683 eorum
325 618 493 701 relinquit:
517 638 592 683 cum
604 621 716 684 omnia
732 642 791 703 per
805 620 1001 685 certissimas
1018 618 1146 702 regulas
1162 629 1195 684 et
1210 619 1350 684 demon-

193 724 370 786 strationes
393 723 563 804 transigat.
610 722 729 805 Itaque
751 723 833 788 haec
857 733 968 787 nostra
990 721 1042 808 (ut
1064 744 1163 805 saepe
1189 720 1349 808 diximus)

195 825 383 890 foelicitatis
410 826 579 908 cujusdam
605 836 680 890 sunt
711 828 821 908 potius
847 848 946 909 quam
977 826 1150 904 facultatis
1177 835 1210 889 et
1239 827 1349 908 potius

194 930 353 1012 temporis
371 939 485 1012 partus
508 949 608 1010 quam
631 930 762 1010 ingenii.
808 930 870 994 Est
893 930 980 992 enlm
1004 938 1091 993 certe
1113 949 1209 992 casus
1230 928 1348 1016 aliquis

194 1053 261 1095 non
285 1035 392 1096 minus
414 1034 447 1097 in
470 1031 726 1116 cogitationibus
752 1033 914 1111 humanis,
939 1052 1039 1114 quam
1067 1031 1100 1094 in
1131 1031 1285 1114 operibus
1315 1041 1349 1095 et

194 1135 299 1200 iactis.

688 1238 856 1303 CXXIII.

240 1367 358 1450 Itaque
373 1369 549 1433 dicendum
566 1370 608 1432 de
624 1367 718 1431 nobis
737 1369 816 1450 ipsis
832 1369 921 1450 quod
943 1363 1029 1430 ille⁴8
1050 1387 1108 1448 per
1121 1365 1233 1447 jocum
1253 1368 1348 1445 dixit,

192 1473 386 1552 praesertim
404 1493 477 1536 curn
494 1483 563 1536 tam
582 1472 668 1535 bene
689 1492 757 1536 rem
779 1483 887 1536 secet:
909 1471 993 1554 fieri
1007 1491 1069 1533 non
1085 1479 1192 1551 potest
1207 1480 1245 1532 ut
1262 1471 1348 1533 idem

193 1577 343 1650 sentiant,
360 1579 419 1658 qui
431 1597 550 1658 aquam
566 1578 670 1657 etqui
683 1579 796 1641 vinum
812 1577 930 1641 bibant.
975 1575 1026 1639 At
1050 1576 1169 1638 caeteri
1188 1574 1347 1652 homines,

194 1687 265 1740 tam
282 1689 408 1744 veteres
424 1701 525 1764 quam
542 1682 626 1755 novi,
643 1679 804 1762 liquorem
820 1679 972 1742 biberunt
988 1679 1124 1742 crudum
1140 1678 1174 1740 in
1194 1679 1347 1752 scientiis,

194 1790 354 1864 tanquam
376 1805 497 1867 aquam
520 1784 572 1848 vel
596 1794 714 1865 sponte
738 1805 781 1847 ex
805 1782 973 1848 intellectu
997 1791 1198 1857 manantem,
1215 1781 1267 1844 vel
1290 1800 1349 1863 per

194 1885 412 1962 dialecticam,
436 1899 594 1970 tanquam
613 1908 671 1970 per
697 1898 785 1951 rotas
808 1909 851 1950 ex
875 1896 984 1970 puteo,
1007 1886 1170 1949 haustam.
1216 1884 1265 1948 At
1289 1905 1349 1948 nos

194 1987 355 2071 liquorem
378 1992 522 2055 bibimus
545 2001 577 2054 et
599 1992 812 2074 propinamus
835 2013 879 2056 ex
902 1991 1036 2054 infinitis
1060 1990 1243 2053 conlectam
1268 1989 1347 2064 uviS,

195 2092 299 2174 iisque
316 2096 452 2158 maturis
462 2104 495 2158 et
508 2095 721 2175 tempestIvis,
740 2103 773 2157 et
789 2115 847 2176 per
862 2114 1009 2157 racemos
1025 2094 1186 2175 quosdam
1203 2091 1349 2155 collectis

194 2215 234 2258 ac
264 2198 435 2280 decerptis,
462 2207 495 2262 et
518 2197 658 2260 subinde
680 2197 713 2259 in
737 2196 890 2260 torculari
913 2196 1041 2277 pressis,
1063 2216 1102 2259 ac
1126 2204 1293 2276 postremo
1317 2195 1350 2256 in

194 2319 273 2362 vase
289 2301 472 2383 repurgatis
488 2309 521 2363 et
537 2299 730 2363 clarificatis.
777 2299 895 2380 Itaque
911 2298 956 2360 nil
976 2298 1094 2359 mirum
1113 2297 1139 2359 si
1161 2298 1255 2360 nobis
1274 2316 1349 2360 cum

197 2402 269 2466 aliis
285 2424 350 2466 non
367 2404 549 2468 conveniat.

695 2513 855 2578 CXXIV.

240 2635 398 2702 Occurret
408 2636 624 2720 proculdubio
637 2646 670 2700 et
683 2636 779 2699 illud:
804 2655 864 2699 nec
880 2643 1004 2697 metam
1020 2643 1077 2698 aut
1093 2652 1229 2715 scopum
1245 2631 1349 2693 scien-

195 2739 316 2803 tiarum
332 2762 352 2804 a
367 2742 463 2805 nobis
478 2741 557 2823 ipsis
576 2736 622 2827 (id
642 2740 732 2822 quod
749 2739 781 2800 in
797 2737 868 2802 aliis
885 2731 1167 2822 reprehendimus)
1185 2754 1300 2799 verum
1317 2741 1350 2794 et

195 2844 359 2924 optimum
372 2845 556 2926 praefixum
570 2865 650 2908 esse.
675 2843 758 2906 Esse
771 2842 857 2905 enim
874 2841 1188 2922 contemplationem
1203 2837 1350 2901 veritatis

194 2948 286 3010 omni
302 2969 439 3031 operum
455 2949 598 3011 utilitate
613 2957 646 3010 et
664 2945 890 3028 magnitudine
905 2945 1089 3026 digniorem
1107 2953 1140 3008 et
1159 2942 1350 3006 celsiorem:

194 3049 329 3132 longam
339 3072 416 3114 vero
426 3051 523 3115 istam
534 3060 567 3114 et
577 3050 749 3113 sollicitam
763 3068 888 3110 moram
899 3048 931 3109 in
944 3047 1149 3128 experientia
1165 3054 1199 3107 et
1213 3042 1350 3107 materia

194 3220 229 3276 of
244 3222 323 3289 logIc,
339 3222 394 3276 and
412 3221 554 3291 especially
571 3219 601 3273 oi
617 3219 782 3290 hypothesis,
798 3235 861 3287 may
875 3218 910 3271 be
930 3215 1017 3272 useful
1036 3217 1063 3270 iu
1081 3217 1217 3283 diverting
1235 3216 1257 3268 it
1276 3215 1349 3267 from

198 3305 344 3374 improper,
357 3305 411 3359 and
424 3306 558 3371 directIng
571 3304 592 3356 it
605 3304 665 3356 Into
677 3319 777 3371 proper
790 3301 927 3355 channels.

234 3389 351 3442 Bacon's
369 3389 529 3442 confidence
549 3388 575 3439 in
595 3389 643 3440 the
664 3403 726 3440 ease
748 3385 802 3439 and
824 3385 960 3454 certainty
979 3384 1046 3438 with
1067 3383 1155 3436 which
1177 3383 1218 3434 his
1237 3379 1352 3433 method

198 3472 286 3539 might
311 3473 346 3525 be
372 3472 478 3540 applied
503 3487 557 3524 was
581 3487 597 3524 a
621 3471 711 3523 direct
735 3484 926 3537 consequence
948 3467 980 3520 ol
1001 3467 1042 3520 his
1061 3466 1161 3534 theory
1183 3464 1215 3517 of
1237 3463 1352 3531 ‘simple

197 3556 327 3609 natures.’
363 3555 450 3609 ‘This
468 3555 583 3608 method
600 3553 633 3607 ol
648 3553 803 3607 exclusion'
824 3552 896 3622 (says
918 3553 974 3605 Mr.
995 3553 1067 3618 Ellis,
1089 3552 1122 3606 E.
1140 3550 1193 3604 and
1213 3551 1248 3613 S.,
1264 3550 1316 3601 vol.
1334 3548 1351 3601 i.

197 3655 243 3707 pp.
259 3637 338 3708 33-6)
359 3638 497 3706 ‘requires
517 3637 581 3706 only
600 3653 633 3690 an
652 3637 786 3690 attentIve
805 3635 1008 3689 consideration
1031 3633 1064 3688 of
1080 3633 1148 3687 each
1168 3635 1184 3662 “
1196 3629 1351 3694 instantia‚”

197 3721 226 3774 iri
246 3721 329 3774 order
351 3721 408 3774 first
429 3727 461 3773 to
481 3720 589 3790 analyse
610 3721 633 3772 it
651 3719 710 3772 into
730 3720 764 3772 its
783 3719 879 3787 simple
899 3723 1017 3783 natures,
1036 3716 1090 3770 and
1108 3715 1238 3783 secondly
1255 3720 1286 3765 to
1305 3727 1352 3764 see

199 3805 287 3858 which
300 3803 332 3858 of
340 3805 389 3857 the
401 3805 484 3858 latter
495 3820 542 3856 are
555 3809 586 3856 to
604 3804 639 3855 be
658 3802 969 3870 excluded—processes
981 3800 1070 3853 which
1083 3799 1193 3866 require
1206 3813 1242 3848 no
1256 3795 1352 3860 higher

197 3887 324 3941 faculties
340 3887 406 3940 than
422 3887 551 3956 ordinary
563 3892 706 3940 acuteness
724 3885 779 3939 and
796 3885 902 3953 patient
918 3885 1061 3951 diligence.
1098 3881 1193 3935 There
1211 3879 1234 3932 is
1251 3877 1353 3945 clearly

198 3988 236 4024 no
257 3987 337 4024 room
359 3971 386 4024 in
406 3970 460 4023 this
480 3969 649 4024 mechanical
665 3968 817 4037 procedure
835 3967 880 4021 ior
901 3968 948 4021 the
967 3967 1068 4036 display
1087 3964 1119 4018 of
1133 3963 1254 4031 subtlety
1272 3977 1304 4013 or
1322 3959 1355 4012 of

198 4055 336 4109 intentive
354 4054 458 4120 genius.
495 4053 611 4107 Bacon's
629 4051 743 4106 method
761 4049 901 4104 therefore
921 4050 995 4105 leads
1013 4057 1043 4103 to
1059 4048 1204 4116 certainty,
1216 4045 1271 4098 and
1289 4059 1352 4112 may

197 4139 234 4192 be
258 4138 404 4208 employed
429 4136 496 4190 with
521 4137 615 4206 nearly
639 4136 721 4205 equal
745 4150 853 4187 success
877 4133 914 4204 by
938 4134 972 4187 all
997 4148 1062 4186 men
1086 4131 1149 4185 who
1173 4145 1220 4184 are
1245 4125 1353 4196 equally

199 4221 332 4288 diligent!

234 4303 256 4333 ⁴⁸
276 4304 338 4358 Said
357 4304 393 4374 by
406 4303 576 4357 Philocrates
596 4301 628 4355 of
644 4300 861 4355 Demosthenes:
886 4298 1030 4354 ἐπαναστὰς
1042 4295 1092 4351 δ’ὁ
1111 4295 1270 4367 Φιλοκράτης
1281 4294 1353 4364 μάλα

198 4385 355 4457 ὑβριστικῶς
379 4385 461 4452 οὐδέν,
486 4387 547 4456 ἔφη,
572 4383 731 4455 θαυμαστόν,
752 4383 773 4438 ὃ
797 4383 887 4454 ἄνδρες
910 4379 1048 4450 Ἀθηναῖοι,
1070 4381 1104 4450 μὴ
1127 4379 1207 4432 ταύτὰ
1231 4377 1288 4446 ἐμοὶ
1312 4377 1354 4428 καὶ

200 4470 360 4538 Δημοσθένει
373 4469 467 4525 δοκεῖν·
487 4468 561 4524 οὗτος
575 4469 622 4538 μέν
636 4470 687 4539 γὰρ
704 4466 783 4537 ὕδωρ,
796 4467 846 4539 ἐγὼ
866 4467 894 4521 δὲ
908 4461 977 4520 οἶνον
988 4464 1061 4518 πίνω.
1092 4463 1134 4517 rol
1152 4462 1222 4532 ὑμεῖς
1239 4460 1354 4531 ἐγελᾶτε.

201 4553 347 4608 Demosth.
362 4553 406 4606 De
422 4552 501 4607 Falsa
513 4551 674 4619 Legatione,
687 4567 712 4620 p.
728 4567 787 4616 355.

766 4651 789 4700 Y
