3324 5110
611 461 695 524 Lllr.¹
710 465 739 524 J.
766 465 963 544 113-115.'
1291 477 1352 545 311

201 627 320 714 operae
335 629 538 715 (praesertim
552 642 715 714 quantum
728 632 773 696 ad
790 631 1015 714 experientiae
1030 627 1217 716 collectam)
1230 632 1356 713 optime

202 737 351 799 distribui
385 745 418 799 et
450 735 572 798 deinde
604 735 758 817 componi
787 736 925 818 possint.
969 733 1058 798 Turn
1088 735 1176 797 enim
1207 735 1356 799 homines

201 840 287 902 vires
308 861 386 903 suas
411 859 507 903 nosse
532 839 698 921 incipient,
726 859 802 904 cum
830 859 896 902 non
921 841 1038 903 eadem
1060 839 1189 918 infiniti,
1211 841 1270 904 sed
1289 839 1357 903 alia

202 942 258 1005 alii
273 944 488 1026 praestabunt
497 941 534 1006 ²².

717 1057 845 1124 CXIV.

247 1177 426 1258 Postremo,
441 1180 570 1243 etiamsi
593 1178 697 1243 multo
717 1179 875 1242 infirmior
896 1187 929 1243 et
948 1179 1116 1243 obscurior
1129 1200 1209 1244 aura
1225 1180 1295 1262 spei
1313 1180 1356 1243 ab

202 1283 267 1346 ista
284 1284 381 1347 Nova
398 1282 598 1348 Continente
613 1282 822 1366 spiraverit²⁸,
840 1293 952 1346 tamen
967 1285 1102 1348 omnino
1118 1285 1357 1365 experiendum

202 1405 274 1450 esse
297 1382 370 1471 (nisi
394 1388 532 1451 velimus
554 1387 655 1451 animi
680 1407 750 1451 esse
773 1387 872 1469 plane
894 1387 1027 1468 abjecti)
1047 1388 1231 1452 statuimus.
1277 1388 1357 1452 Non

204 1492 292 1554 enim
316 1511 367 1554 res
387 1492 459 1572 pari
478 1491 626 1574 periculo
647 1512 713 1555 non
732 1499 887 1568 tentatur,
904 1499 937 1555 et
956 1511 1024 1554 non
1044 1492 1208 1568 succedit;
1233 1511 1307 1554 cum
1324 1493 1357 1554 in

203 1594 261 1658 illo
291 1596 433 1678 ingentis
459 1597 550 1674 boni,
576 1598 609 1659 in
630 1595 696 1660 hoc
720 1597 862 1678 exiguae
887 1594 1052 1658 humanae
1077 1615 1204 1678 operae,
1228 1593 1357 1676 jactura

203 1709 361 1764 vertatur.
403 1699 529 1765 Verum
550 1723 594 1764 ex
615 1701 719 1778 dictis,
741 1679 845 1782 atque
863 1701 963 1764 etiam
984 1721 1029 1764 ex
1050 1721 1116 1764 non
1131 1701 1236 1778 dictis,
1250 1701 1357 1762 visum

203 1811 254 1865 est
270 1802 365 1866 nobis
380 1807 450 1887 spei
468 1805 600 1868 abunde
620 1805 760 1884 subesse,
776 1825 843 1868 non
863 1814 992 1868 tantum
1015 1804 1141 1868 homini
1160 1815 1294 1868 strenuo
1313 1805 1358 1868 ad

204 1909 453 1989 experiendum,
468 1909 526 1972 sed
542 1911 641 1972 etiam
658 1910 810 1992 prudenti
827 1919 859 1973 et
875 1909 984 1973 sobrio
999 1911 1042 1974 ad
1058 1910 1267 1975 credendum.

732 2091 838 2156 CXV.

249 2209 364 2294 Atque
379 2213 422 2277 de
437 2215 664 2297 desperatione
685 2214 844 2289 tollenda,
861 2235 948 2296 quae
966 2215 1053 2278 inter
1068 2235 1183 2278 causas
1198 2214 1359 2296 potentis·

205 2315 306 2380 simas
326 2318 368 2380 ad
388 2337 595 2400 progressum
615 2320 824 2381 scientiarum
846 2319 1077 2381 remorandum
1096 2328 1129 2382 et
1145 2317 1359 2381 inhibendum

205 2419 277 2497 suit,
294 2419 363 2501 jam
381 2423 506 2486 dictum
526 2432 584 2486 est.
629 2421 744 2504 Atque
766 2421 863 2485 simul
886 2442 994 2484 sermo
1014 2423 1055 2485 de
1078 2423 1180 2503 signis
1203 2431 1237 2485 et
1255 2423 1360 2485 causis

206 2545 358 2602 errorum,
374 2536 407 2588 et
423 2527 558 2589 inertiae
574 2535 607 2589 et
622 2527 825 2608 ignorantiae
840 2546 926 2608 quae
944 2525 1089 2598 invaluit,
1105 2525 1277 2588 absolutus
1293 2535 1359 2602 est3

205 2629 396 2709 praesertim
412 2648 486 2693 cum
499 2629 685 2693 subtiliores
701 2649 827 2704 causae,
840 2639 874 2692 et
885 2651 970 2712 quae
986 2631 1019 2690 in
1028 2627 1188 2710 judicium
1201 2628 1359 2711 populare

206 2741 265 2794 aut
286 2733 545 2796 observationem
567 2754 633 2796 non
654 2733 829 2810 incurrunt,
846 2735 889 2797 ad
912 2753 1052 2816 eaquae
1068 2734 1111 2797 de
1133 2731 1235 2796 Idolis
1258 2730 1359 2794 animi

207 2836 342 2900 humani
359 2838 447 2901 dicta
463 2848 540 2902 sunt
553 2838 664 2902 referri
681 2840 836 2903 debeant.

252 2939 367 3022 Atque
381 2940 434 3004 hic
449 2941 545 3004 simul
557 2962 633 3023 pars
649 2943 820 3006 destruens
838 2939 1087 3006 Instaurationis
1103 2951 1235 3006 nostrae
1250 2939 1360 3005 claudi

209 3044 318 3120 debet,
344 3065 430 3126 quae
460 3044 627 3127 perficitur
655 3047 758 3109 tribus
788 3047 1093 3128 redargutionibus:
1132 3047 1361 3129 redargutione

210 3147 363 3212 nimirum
385 3148 562 3212 Humanae
585 3150 741 3214 Ratzhna'r
766 3151 914 3215 Nativae
937 3161 970 3216 et
995 3151 1057 3214 sibi
1081 3151 1280 3233 permissae;
1310 3171 1361 3213 re·

210 3251 405 3334 dargutione
430 3251 751 3317 Demonstrationum
764 3277 778 3328 ,·
810 3264 844 3319 et
872 3256 1104 3337 redargutione
1138 3253 1361 3333 Thermarum,

209 3355 277 3418 sive
308 3353 591 3438 philosophiamm
618 3367 650 3420 et
681 3356 905 3422 doctrinarum
939 3381 1025 3442 quae
1055 3369 1206 3440 receptae
1236 3368 1313 3422 sunt
1324 3357 1360 3422 ²⁴.

245 3575 267 3610 ¹²
285 3579 354 3632 This
372 3588 503 3634 sentence
516 3581 606 3634 would
625 3579 697 3634 form
715 3597 732 3634 a
747 3581 820 3648 good
837 3589 927 3636 motto
945 3581 990 3635 for
1002 3583 1090 3636 Adam
1104 3581 1216 3636 Smith’s
1234 3581 1362 3650 chapters

209 3677 246 3716 on
259 3664 307 3718 the
320 3664 444 3718 Division
457 3665 488 3719 of
499 3665 618 3719 Labour.

244 3743 266 3777 ¹³
291 3745 403 3802 ‘Bacon
428 3748 514 3802 refers
538 3755 569 3802 to
594 3749 667 3802 what
689 3748 773 3802 Peter
799 3748 910 3817 Martyr
931 3748 1068 3815 Anghiera
1092 3748 1140 3801 has
1164 3746 1279 3812 related,
1301 3747 1361 3801 that

211 3829 362 3884 Columbus
383 3832 528 3899 observing
545 3832 594 3885 the
612 3838 680 3884 west
697 3832 783 3884 winds
800 3832 889 3885 which
908 3831 979 3884 blow
998 3837 1026 3884 at
1045 3832 1150 3886 certain
1167 3833 1249 3884 times
1267 3829 1299 3884 of
1313 3831 1362 3884 the

210 3931 276 3982 year
292 3931 328 3968 on
346 3915 394 3968 the
410 3923 487 3970 coast
503 3915 535 3969 of
545 3916 676 3983 Portugal
697 3931 774 3968 carne
792 3921 822 3968 to
838 3916 885 3970 the
902 3915 1060 3969 conclusion
1073 3915 1134 3968 that
1144 3915 1224 3968 there
1241 3920 1314 3968 must
1327 3913 1361 3968 be

209 3997 273 4052 land
286 4004 316 4052 to
328 4007 458 4066 generate
470 3999 565 4054 them!
603 3999 659 4053 Mr.
674 3999 748 4051 Ellis’
762 4004 838 4052 note.

245 4079 267 4112 ¹⁴
286 4084 338 4136 See
357 4090 437 4137 notes
454 4101 490 4137 on
505 4083 587 4152 Aphs.
604 4088 645 4148 38,
661 4099 701 4149 39,
715 4081 780 4135 with
796 4081 845 4134 the
864 4097 987 4149 passages
1005 4081 1032 4133 in
1049 4080 1114 4134 Ellis
1131 4081 1185 4136 and
1203 4082 1363 4149 Spedding's

210 4165 324 4220 Edition
338 4166 417 4220 there
433 4167 558 4220 referred
570 4173 610 4220 to.
641 4167 672 4219 ln
685 4183 701 4218 a
714 4173 782 4218 note
797 4183 833 4218 on
847 4165 895 4218 the
910 4164 1075 4218 Distributio
1088 4165 1194 4232 Operis,
1207 4165 1262 4219 Mr.
1277 4167 1362 4234 Sped·

209 4249 275 4316 ding
293 4249 415 4304 remarks
432 4251 491 4304 that
509 4250 588 4303 there
607 4249 656 4304 the
675 4250 754 4302 three
770 4250 989 4316 Redargutiones
1007 4265 1053 4302 are
1072 4249 1251 4303 enumerated
1269 4250 1297 4302 in
1314 4249 1362 4304 the

210 4348 319 4386 reverse
336 4333 419 4386 order
430 4340 461 4387 to
478 4333 537 4387 that
554 4335 581 4386 in
595 4334 682 4388 which
696 4333 762 4403 they
774 4349 822 4387 are
837 4333 1017 4386 enumerated
1037 4333 1062 4385 in
1076 4332 1129 4385 this
1143 4331 1296 4401 Aphorism,
1309 4334 1363 4385 and

210 4418 239 4470 in
251 4416 341 4470 which
353 4417 419 4484 they
431 4434 478 4472 are
490 4418 600 4471 treated
617 4419 645 4470 in
658 4419 705 4472 the
719 4417 828 4471 Nouum
842 4417 991 4483 organum.
1029 4415 1116 4467 ‘This
1128 4415 1233 4481 shows,’
1247 4415 1282 4468 he
1294 4432 1363 4484 says,

212 4500 290 4555 ‘that
308 4499 355 4552 the
369 4499 535 4554 Distributio
549 4503 646 4570 Operis
663 4518 719 4556 was
736 4502 846 4554 written
863 4499 958 4553 before
972 4500 1066 4554 Bacon
1086 4499 1138 4551 had
1156 4499 1271 4552 decided
1288 4515 1363 4568 upon

209 4584 259 4644 the
272 4591 466 4652 arrangement
478 4584 510 4639 ol
519 4585 567 4640 the
581 4585 690 4641 Novum
704 4585 862 4654 organum!
897 4583 960 4638 The
974 4581 1163 4638 enumeration
1177 4582 1205 4636 in
1217 4583 1265 4638 the
1274 4583 1364 4640 Partis
