3306 5102
350 483 414 545 422
728 473 884 529 NOVUM
905 471 1124 530 ORGANUM.

351 641 556 708 adinvenerit
588 648 690 724 atque
719 639 796 702 inde
830 637 1024 720 partitiones
1055 637 1123 703 sive
1154 637 1331 703 divisiones
1364 648 1500 702 naturae

351 747 527 829 inquisitae
549 745 733 820 confecerit,
749 745 782 805 in
804 742 868 805 illis
888 743 1024 804 omnino
1046 743 1243 824 acquiescat,
1261 752 1363 826 atque
1385 744 1427 806 ad
1452 743 1499 804 in·

350 852 540 914 ventionem
562 848 744 930 legitimam
773 845 913 909 Formae
937 845 1080 926 Magnae
1104 866 1140 909 se
1167 865 1232 909 non
1256 847 1416 928 accingat,
1441 845 1499 908 sed

351 962 597 1037 praesupponat
628 961 779 1014 naturam
808 949 900 1013 velut
930 969 950 1012 a
984 949 1148 1012 radicibus
1181 969 1251 1012 esse
1285 949 1499 1030 multiplicem

352 1067 386 1121 et
409 1058 556 1134 divisam,
572 1066 673 1137 atque
694 1053 882 1117 ulteriorem
903 1061 1039 1115 naturae
1062 1053 1226 1130 unionem,
1246 1061 1406 1133 tanquam
1430 1071 1499 1113 rem

352 1179 572 1242 supervacuae
587 1157 778 1222 subtilitatis
800 1165 835 1220 et
857 1164 1048 1238 vergentem
1070 1156 1114 1219 ad
1138 1175 1264 1219 merum
1287 1156 1498 1234 abstractum,

351 1263 498 1328 fastidiat
515 1273 548 1327 et
564 1261 697 1344 rejiciat.

396 1367 554 1449 Exempli
590 1365 715 1448 gratia;
761 1363 803 1426 sit
841 1371 958 1426 natura
993 1361 1150 1444 inquisita
1188 1361 1395 1440 Memoriae,
1434 1361 1498 1426 sive

352 1471 515 1534 Excitans
545 1479 578 1532 et
607 1467 783 1549 Adjuvans
814 1467 1016 1529 memoriam.
1064 1467 1247 1530 Instantius
1275 1465 1500 1530 constitutivae

351 1582 437 1652 sunt,
452 1575 534 1637 ordo
556 1573 624 1636 sive
647 1570 845 1647 distributio,
866 1590 952 1651 quae
975 1568 1150 1633 manifesto
1168 1570 1263 1652 juvat
1287 1571 1499 1645 memoriam;

351 1678 432 1741 item
459 1677 540 1740 Loci
565 1676 598 1739 in
625 1675 784 1738 memoria
809 1672 979 1748 artificiali,
1003 1674 1058 1754 qui
1083 1683 1141 1738 aut
1167 1683 1305 1756 possunt
1336 1695 1408 1738 esse
1438 1673 1498 1736 loci

351 1781 532 1845 secundum
556 1779 725 1862 proprium
748 1798 888 1854 sensum,
911 1776 1011 1840 veluti
1038 1777 1149 1859 janua,
1173 1778 1324 1860 angulus,
1351 1778 1499 1853 fenestra,

351 1893 385 1946 et
406 1883 533 1960 similia,
549 1893 605 1944 aut
628 1891 766 1964 possunt
788 1902 860 1944 esse
883 1899 1043 1962 personae
1065 1879 1240 1945 familiares
1264 1891 1297 1945 et
1320 1891 1428 1959 notae,
1443 1889 1499 1943 aut

352 1995 490 2069 possunt
521 2005 591 2049 esse
621 1986 751 2066 quidvis
780 1987 823 2048 ad
854 1985 1012 2067 placitum
1043 1981 1158 2069 (modo
1189 1986 1222 2050 in
1259 1987 1374 2050 ordine
1411 1993 1499 2049 certo

352 2087 538 2173 ponantur),
553 2089 655 2152 veluti
674 2088 837 2164 animalia,
861 2087 1003 2165 herbae3
1028 2089 1127 2151 etiam
1150 2089 1258 2166 verba,
1278 2090 1399 2167 literae,
1423 2087 1497 2153 cha·

351 2201 500 2268 racteres,
528 2212 688 2274 personae
712 2192 894 2267 historicae,
923 2200 956 2254 et
987 2199 1135 2268 caetera3
1170 2192 1246 2257 licet
1272 2191 1431 2256 nonnulla
1458 2211 1499 2253 ex

351 2296 402 2358 his
430 2296 535 2377 magis
560 2305 640 2378 apta
667 2295 732 2359 sint
763 2303 796 2358 et
825 2294 1011 2371 commoda,
1038 2293 1102 2356 alia
1134 2296 1249 2358 minus.
1296 2295 1499 2376 Hujusmodi

350 2409 463 2462 autem
480 2400 561 2463 Loci
578 2399 771 2463 memoriam
793 2398 963 2479 insigniter
983 2395 1110 2477 juvant,
1127 2419 1267 2481 eamque
1287 2398 1384 2480 longe
1402 2417 1499 2481 supra

350 2503 435 2566 vires
461 2502 627 2566 naturales
653 2502 815 2566 exaltant.
861 2500 947 2563 Item
974 2500 1118 2564 carmina
1144 2499 1270 2565 facilius
1299 2501 1438 2566 haerent
1467 2509 1499 2564 et

350 2607 520 2670 discuntur
543 2607 732 2669 memoriter
754 2625 855 2688 quam
882 2624 989 2686 prosa.
1034 2602 1150 2686 Atque
1176 2625 1220 2667 ex
1247 2606 1310 2670 isto
1337 2603 1499 2687 manipulo

350 2711 449 2773 trium
491 2711 729 2788 instantiarum,
765 2708 921 2772 videlicet
961 2707 1092 2785 ordinis,
1135 2707 1281 2772 locorum
1322 2709 1498 2773 artificialis

352 2812 538 2890 memoriae,
569 2822 602 2876 et
630 2832 792 2885 versuum,
823 2811 1033 2875 constituitur
1062 2811 1188 2892 species
1218 2833 1283 2875 una
1312 2813 1426 2875 auxilii
1458 2812 1499 2874 ad

351 2916 557 2980 Memoriam.
618 2915 754 2998 Species
787 2924 900 2978 autem
931 2912 987 2976 illa
1015 2913 1179 2976 Abscessio
1211 2913 1378 2998 Infiniti⁷⁰
1411 2925 1499 2979 recte

349 3019 457 3082 vocari
473 3020 590 3101 possit.
635 3020 721 3084 Cum
737 3019 824 3082 enim
840 3018 914 3100 quis
936 3016 1060 3098 aliquid
1084 3017 1245 3082 reminisci
1268 3028 1326 3083 aut
1348 3039 1499 3083 revocare

350 3123 384 3184 in
422 3124 615 3186 memoriam
646 3123 767 3201 nititur,
797 3122 825 3184 si
856 3119 980 3184 nullam
1011 3121 1260 3201 praenotionem
1290 3122 1411 3187 habeat
1443 3129 1499 3185 aut

350 3226 596 3307 perceptionem
620 3226 689 3308 ejus
712 3227 802 3308 quod
825 3225 962 3308 quaerit,
985 3224 1113 3306 quaerit
1136 3235 1223 3288 certe
1247 3235 1281 3288 et
1307 3227 1442 3289 molitur
1466 3233 1499 3287 et

350 3329 412 3392 hac
444 3328 518 3392 illac
550 3329 711 3406 discurrit,
742 3338 900 3411 tanquam
933 3329 965 3390 in
997 3327 1134 3391 infinito.
1180 3327 1280 3410 Quod
1312 3330 1338 3392 si
1375 3339 1496 3392 certam

349 3432 494 3515 aliquam
520 3434 769 3517 praenotionem
801 3433 930 3510 habeat,
956 3433 1070 3496 statim
1096 3431 1299 3496 abscinditur
1328 3432 1497 3508 infinitum,

349 3545 383 3600 et
406 3537 443 3600 fit
461 3538 627 3601 discursus
650 3537 830 3600 memoriae
852 3537 957 3618 magis
980 3536 1013 3597 in
1036 3535 1152 3599 vicino.
1198 3535 1237 3598 In
1259 3536 1364 3600 tribus
1386 3545 1496 3598 autem

384 3739 406 3771 ⁶⁹
424 3741 494 3794 This
515 3741 639 3808 example
662 3741 684 3793 is
704 3739 866 3804 interesting
886 3738 912 3790 in
933 3737 1099 3790 connection
1120 3738 1187 3790 with
1208 3738 1225 3792 i.
1249 3751 1307 3804 127,
1329 3753 1359 3792 as
1380 3738 1498 3802 shewing

348 3823 408 3876 that
421 3823 512 3877 Bacon
529 3824 575 3876 did
594 3830 645 3877 not
662 3823 771 3876 confine
790 3822 831 3873 his
847 3821 984 3888 examples
1000 3836 1053 3890 any
1066 3837 1144 3874 more
1161 3820 1228 3874 than
1247 3821 1295 3874 the
1310 3837 1393 3890 scope
1410 3819 1443 3873 of
1459 3819 1497 3872 his

347 3905 541 3973 philosophical
553 3906 657 3960 reform
669 3912 700 3960 to
713 3907 788 3960 what
801 3906 821 3957 is
834 3904 936 3973 usually
950 3904 1037 3956 called
1049 3903 1163 3957 Natural
1178 3904 1352 3974 Philosophy.

385 3991 429 4041 On
442 3989 483 4042 bis
495 3989 622 4043 doctrine
634 3989 665 4042 oi
677 3989 806 4057 Memory
819 3987 872 4040 aud
885 3988 932 4040 the
945 3987 1012 4040 Aids
1024 3992 1055 4040 to
1070 3987 1207 4056 Memory,
1220 3988 1247 4040 in
1263 3988 1381 4054 general,
1390 4003 1441 4040 'see
1454 3987 1495 4039 De

348 4073 518 4139 Augmentis‚
531 4073 577 4126 lib.
591 4091 615 4128 v.
628 4089 687 4142 cap.
702 4090 727 4137 5.

385 4156 461 4208 lllost
473 4154 506 4208 of
521 4156 569 4210 the
588 4156 690 4209 mental
706 4156 880 4224 phenomena
896 4170 925 4207 as
942 4155 1002 4208 well
1019 4171 1048 4207 as
1065 4153 1113 4208 the
1125 4153 1248 4208 artificial
1262 4155 1319 4207 aids
1331 4159 1362 4206 to
1374 4167 1496 4218 memory

347 4237 413 4292 here
426 4239 569 4292 described
587 4238 678 4292 would
695 4255 758 4292 now
777 4239 812 4292 be
829 4237 972 4308 explained
988 4238 1025 4306 by
1038 4239 1086 4292 the
1099 4239 1226 4291 doctrine
1245 4238 1276 4292 of
1287 4238 1456 4291 Association
1468 4233 1497 4287 oi

350 4322 438 4375 ldeas.

383 4403 404 4434 '⁰
424 4405 456 4457 ln
469 4405 518 4457 the
538 4406 582 4458 De
595 4405 765 4472 Augmeutis‚
777 4405 825 4457 the
842 4405 999 4472 expression
1018 4404 1199 4458 ‘Praenotio’
1214 4403 1314 4474 (which
1327 4404 1385 4457 also
1401 4415 1495 4457 occurs

346 4487 447 4554 below)
460 4488 483 4540 is
496 4494 547 4556 put
559 4487 679 4542 forward
698 4493 771 4541 most
787 4489 972 4556 prominently
988 4495 1018 4540 to
1034 4487 1159 4541 describe
1176 4487 1231 4540 this
1248 4489 1361 4556 species.
1397 4488 1493 4542 ‘Prae-

347 4571 488 4624 notionem
501 4587 631 4625 vocamus
642 4571 834 4625 abscissionem
848 4572 984 4640 quandam
997 4571 1211 4638 investigationis
1224 4569 1362 4628 infinitae.'
