3220 5102
606 451 688 511 LIB.
711 452 754 509 II.
775 461 829 524 40.
1231 439 1295 524 489

144 637 245 702 quam
269 616 394 701 aliquid
420 617 463 682 de
488 617 603 701 spiritu
627 616 725 682 fuerit
753 617 909 682 emissum
937 613 1039 702 (unde
1065 615 1211 699 sequitur
1238 613 1293 678 illa

143 719 343 808 desiccatio),
371 723 544 786 deducitur
569 722 612 786 ad
640 723 792 786 sensibile
818 732 891 786 tum
918 743 977 804 per
1004 723 1110 803 ipsam
1139 721 1293 784 duritiem

143 828 187 890 rei
203 837 344 904 auctam,
361 836 432 890 tum
450 825 555 890 multo
573 827 678 908 magis
694 847 752 909 per
767 827 930 904 scissuras,
943 826 1211 908 angustiationes,
1223 845 1293 887 cor-

143 933 342 1013 rugationes
363 940 395 994 et
414 931 683 1013 complicationes
706 950 890 1012 corporum,
907 950 993 1012 quae
1008 930 1084 993 inde
1104 941 1293 1012 sequuntur.

146 1033 280 1098 Etenim
307 1045 418 1117 partes
442 1036 521 1117 ligni
546 1035 701 1099 desiliunt
724 1045 757 1098 et
780 1036 1028 1116 angustiantur;
1059 1033 1163 1116 pelles
1186 1054 1293 1097 corru-

145 1148 287 1220 gantur;
319 1159 425 1221 neque
441 1140 474 1203 id
490 1140 606 1218 solum,
622 1140 679 1204 sed
703 1136 745 1224 (si
763 1139 873 1202 subita
892 1138 989 1202 luerit
1010 1139 1142 1202 emissio
1160 1139 1293 1219 spiritus

146 1261 205 1322 per
219 1241 363 1305 calorem
379 1239 478 1328 ignis)
497 1253 627 1307 tantum
650 1251 829 1326 properant
851 1241 899 1304 ad
918 1242 1176 1305 contractionem
1200 1250 1235 1304 ut
1258 1262 1294 1304 se

147 1344 346 1426 complicent
362 1355 395 1408 et
411 1346 618 1411 convolvant.

188 1445 239 1510 At
266 1457 388 1526 contra,
418 1449 475 1513 ubi
504 1450 637 1532 spiritus
666 1449 841 1526 detinetur,
867 1456 900 1512 et
930 1456 1043 1512 tamen
1074 1448 1230 1512 dilatatur
1260 1457 1293 1512 et

145 1551 310 1615 excitatur
335 1572 394 1633 per
417 1553 559 1617 calorem
586 1563 646 1618 aut
668 1552 738 1636 ejus
758 1553 900 1635 analoga
922 1548 971 1636 (id
994 1552 1082 1634 quod
1106 1550 1145 1614 fit
1168 1551 1200 1612 in
1224 1571 1293 1613 cor-

144 1654 278 1735 poribus
314 1655 419 1736 magis
456 1657 570 1721 solidis
607 1666 665 1720 aut
702 1652 895 1741 tenacibus),
932 1664 1006 1718 tum·
1040 1675 1119 1717 vero
1157 1672 1295 1736 corpora
1368 1735 1369 1738 Ἴ

145 1755 364 1835 emolliuntur,
380 1768 415 1822 ut
431 1759 552 1823 sermm
567 1761 727 1838 candens;
751 1759 865 1837 fluunt,
884 1765 921 1820 ut
937 1757 1089 1835 metalla3
1112 1757 1295 1839 liquefiunt,

144 1871 181 1924 ut
205 1861 340 1942 gummi,
369 1883 452 1938 cera,
481 1871 515 1926 et
541 1863 669 1927 similia.
717 1862 836 1945 Itaque
861 1861 1043 1924 contrariae
1073 1859 1149 1923 illae
1179 1881 1294 1942 opera-

146 1965 251 2028 tiones
267 1965 383 2028 caloris
398 1964 449 2052 (ut
466 1988 509 2031 ex
526 1989 565 2032 eo
581 1967 645 2031 alia
661 1966 835 2030 durescant
846 1963 881 2042 ⁵¹,
897 1965 963 2028 alia
983 1959 1180 2048 liquescant)
1199 1963 1295 2028 facile

146 2067 379 2147 conciliantur3
412 2071 489 2152 quia
516 2072 549 2134 in
576 2070 640 2134 illis
664 2070 797 2154 spiritus
822 2069 993 2142 emittitur,
1015 2069 1047 2130 in
1070 2067 1121 2131 his
1151 2069 1296 2149 agitatur

145 2181 179 2235 et
204 2172 387 2236 detinetur:
420 2193 560 2255 quorum
587 2175 749 2258 posterius
773 2181 823 2236 est
849 2172 936 2235 actio
963 2173 1095 2252 propria
1122 2170 1238 2234 caloris
1261 2182 1295 2236 et

145 2274 296 2356 spiritus3
327 2277 427 2358 prius,
450 2278 537 2340 actio
560 2277 703 2360 partium
726 2273 936 2357 tangibilium
959 2283 1089 2338 tantum
1116 2295 1176 2357 per
1200 2295 1295 2339 occa-

146 2378 273 2442 sionem
289 2379 424 2460 spiritus
441 2381 559 2446 emissi.

188 2480 256 2547 Ast
273 2483 329 2546 ubi
345 2485 478 2566 spiritus
494 2506 553 2549 nec
570 2485 735 2550 detinetur
750 2504 882 2566 prorsus
898 2503 958 2547 nec
977 2503 1108 2565 prorsus
1124 2482 1293 2557 emittitur,

144 2587 203 2649 sed
219 2593 348 2650 tantum
365 2588 449 2650 inter
464 2588 606 2652 claustra
621 2609 679 2653 sua
695 2597 803 2652 tentat
825 2596 859 2650 et
882 2586 1061 2668 experitur,
1077 2594 1177 2667 atque
1197 2595 1295 2649 nacta

146 2696 195 2752 est
211 2699 321 2772 partes
337 2692 514 2772 tangibiles
529 2691 723 2755 obedientes
739 2701 772 2754 et
787 2710 945 2770 sequaces
962 2690 995 2750 in
1014 2697 1179 2770 promptu,
1195 2689 1241 2751 ita
1260 2698 1295 2752 ut

145 2815 211 2876 quo
241 2795 373 2878 spiritus
397 2798 467 2878 agit
493 2818 551 2860 eae
577 2797 675 2860 simul
706 2803 904 2878 sequantur3
938 2802 1010 2856 tum
1041 2812 1118 2855 vero
1148 2793 1297 2874 sequitur

147 2898 331 2965 efformatio
348 2901 380 2962 in
402 2921 521 2984 corpus
539 2903 741 2984 organicum,
758 2909 791 2963 et
815 2897 1073 2975 membrilicatio,
1094 2904 1127 2960 et
1151 2896 1296 2978 reliquae

146 3003 293 3068 actiones
318 3005 444 3083 vitales,
473 3016 543 3071 tam
574 3008 606 3069 in
636 3003 877 3089 vegetabilibus
906 3022 1006 3084 quarn
1033 3001 1066 3064 in
1089 3001 1296 3066 animalibus

180 3205 202 3239 ⁸¹
222 3209 286 3263 The
301 3209 452 3276 hardening
466 3209 607 3278 produced
624 3210 661 3279 by
674 3210 772 3263 beatis
784 3209 838 3262 due
854 3215 884 3264 to
903 3208 951 3262 the
964 3224 1061 3278 escape
1074 3205 1106 3261 of
1120 3209 1250 3264 molsture
1263 3225 1296 3262 or

146 3299 176 3346 to
190 3307 267 3346 some
280 3293 415 3347 chemical
428 3294 532 3361 change
545 3296 573 3348 in
586 3295 634 3349 the
646 3293 801 3348 substance.

182 3377 231 3446 Cp.
246 3377 399 3444 Lucretius,
412 3379 447 3432 vi.
461 3396 521 3445 959,
535 3379 598 3432 &ot

305 3475 390 3527 ‘Huc
408 3475 515 3528 accedit
534 3476 574 3528 uti
592 3492 649 3529 non
667 3475 768 3542 omnia,
786 3491 857 3544 quae
872 3473 1014 3542 jaciuntur

323 3558 449 3626 Corpora
466 3574 585 3627 cumque
604 3559 638 3611 ab
657 3558 747 3624 rebus,
765 3557 865 3610 eodem
882 3559 1005 3626 praedita
1023 3574 1104 3611 sensu

323 3643 416 3710 Atque
434 3641 535 3695 eodem
553 3649 635 3709 pacto
653 3642 733 3694 rebus
752 3644 806 3693 sint
825 3641 952 3694 omnibus
971 3647 1042 3708 apta.

323 3725 462 3793 Principio
480 3731 583 3778 terram
601 3725 641 3778 sol
660 3725 790 3792 excoquit
808 3729 837 3776 et
855 3723 921 3777 lacit
941 3739 996 3789 are,

323 3811 360 3862 At
380 3809 494 3875 glaciem
512 3807 632 3861 dissolvit
651 3814 679 3861 et
697 3808 758 3860 altis
776 3807 915 3859 montibus
933 3807 1002 3860 altas

322 3891 525 3960 Extructasque
543 3893 618 3944 nives
636 3891 716 3944 radiis
735 3889 876 3943 tabescere
896 3890 979 3955 cogit.

323 3976 452 4044 Denique
471 3989 536 4029 cera
554 3973 659 4044 liquefit
677 3974 705 4026 in
724 3972 783 4041 ejus
802 3979 880 4039 posta
898 3987 1012 4040 vapore..

324 4059 398 4126 lgnis
416 4059 482 4112 item
501 4058 635 4128 liquidum
653 4057 719 4111 facit
737 4073 783 4110 aes
801 4071 952 4124 aurumque
970 4053 1089 4121 resolvit,

322 4145 360 4196 At
378 4143 452 4196 coria
471 4149 500 4196 et
518 4157 629 4196 carnem
647 4141 731 4195 trahit
749 4147 777 4196 et
796 4139 927 4193 conducit
945 4139 972 4192 in
991 4154 1085 4194 unum.

324 4227 414 4280 Umor
432 4242 519 4294 aquae
538 4241 622 4294 porro
638 4225 742 4279 serrum
762 4225 898 4278 condurat
916 4223 950 4276 ab
969 4222 1032 4288 igni,

324 4312 361 4363 At
379 4311 456 4363 coria
475 4316 505 4362 et
522 4325 634 4365 carnem
653 4310 741 4364 mollit
759 4308 856 4364 durata
875 4307 983 4361 calore.¹

242 4407 318 4474 Virg.
332 4407 390 4460 Ecl.
403 4405 456 4460 viii.
471 4411 520 4459 θοι

307 4502 420 4556 ‘Limus
438 4508 468 4555 ut
486 4503 531 4556 hic
549 4501 679 4570 durescit,
698 4507 727 4555 et
746 4501 814 4554 haec
833 4505 864 4552 ut
883 4514 946 4552 cera
964 4497 1090 4566 liquescit

324 4585 389 4645 Uno
408 4585 561 4660 eodemque
581 4586 643 4658 igni,
662 4587 701 4643 sie
720 4592 816 4642 nostro
835 4583 958 4656 Daphnis
976 4581 1094 4640 amore!
