<?xml version="1.0" encoding="UTF-8"?>
<!DOCTYPE html PUBLIC "-//W3C//DTD XHTML 1.0 Transitional//EN"
    "http://www.w3.org/TR/xhtml1/DTD/xhtml1-transitional.dtd">
<html xmlns="http://www.w3.org/1999/xhtml" xml:lang="en" lang="en">
 <head>
  <title>
</title>
<meta http-equiv="Content-Type" content="text/html;charset=utf-8" />
  <meta name='ocr-system' content='tesseract 3.04.00' />
  <meta name='ocr-capabilities' content='ocr_page ocr_carea ocr_par ocr_line ocrx_word'/>
</head>
<body>
  <div class='ocr_page' id='page_1' title='image "./baconsnovumorga01fowlgoog_0329.png"; bbox 0 0 3324 5110; ppageno 0'>
   <div class='ocr_carea' id='block_1_1' title="bbox 313 404 1090 492">
    <p class='ocr_par' dir='ltr' id='par_1_1' title="bbox 313 404 1090 492">
     <span class='ocr_line' id='line_1_1' title="bbox 313 404 1090 492; baseline 0.008 -24"><span class='ocrx_word' id='word_1_1' title='bbox 313 404 379 492; x_wconf 81' lang='lat'>306</span> <span class='ocrx_word' id='word_1_2' title='bbox 692 415 851 472; x_wconf 81' lang='lat' dir='ltr'><em>NOVUM</em></span> <span class='ocrx_word' id='word_1_3' title='bbox 872 416 1090 474; x_wconf 80' lang='lat' dir='ltr'><em>ORGANUM.</em></span> 
     </span>
    </p>
   </div>
   <div class='ocr_carea' id='block_1_2' title="bbox 313 578 1471 667">
    <p class='ocr_par' dir='ltr' id='par_1_2' title="bbox 313 578 1471 667">
     <span class='ocr_line' id='line_1_2' title="bbox 313 578 1471 667; baseline 0.004 -23"><span class='ocrx_word' id='word_1_4' title='bbox 313 595 379 644; x_wconf 89' lang='lat' dir='ltr'>non</span> <span class='ocrx_word' id='word_1_5' title='bbox 413 578 541 662; x_wconf 90' lang='lat' dir='ltr'>impetu</span> <span class='ocrx_word' id='word_1_6' title='bbox 571 587 607 644; x_wconf 87' lang='lat' dir='ltr'>et</span> <span class='ocrx_word' id='word_1_7' title='bbox 635 579 824 661; x_wconf 74' lang='lat' dir='ltr'>desultoris,</span> <span class='ocrx_word' id='word_1_8' title='bbox 854 582 953 666; x_wconf 84' lang='lat' dir='ltr'>longe</span> <span class='ocrx_word' id='word_1_9' title='bbox 991 582 1086 667; x_wconf 88' lang='lat' dir='ltr'>plura</span> <span class='ocrx_word' id='word_1_10' title='bbox 1115 581 1229 665; x_wconf 81' lang='lat' dir='ltr'>detegi</span> <span class='ocrx_word' id='word_1_11' title='bbox 1256 601 1390 648; x_wconf 90' lang='lat' dir='ltr'>necesse</span> <span class='ocrx_word' id='word_1_12' title='bbox 1419 584 1471 650; x_wconf 90' lang='lat' dir='ltr'>sit.</span> 
     </span>
    </p>
   </div>
   <div class='ocr_carea' id='block_1_3' title="bbox 313 682 1474 1386">
    <p class='ocr_par' dir='ltr' id='par_1_3' title="bbox 313 682 1474 1386">
     <span class='ocr_line' id='line_1_3' title="bbox 313 682 1474 769; baseline 0.005 -23"><span class='ocrx_word' id='word_1_13' title='bbox 313 682 410 746; x_wconf 77' lang='lat' dir='ltr'>Licet</span> <span class='ocrx_word' id='word_1_14' title='bbox 435 684 523 747; x_wconf 89' lang='lat' dir='ltr'>enirn</span> <span class='ocrx_word' id='word_1_15' title='bbox 545 683 649 746; x_wconf 85' lang='lat' dir='ltr'>semel</span> <span class='ocrx_word' id='word_1_16' title='bbox 670 695 727 748; x_wconf 88' lang='lat' dir='ltr'>aut</span> <span class='ocrx_word' id='word_1_17' title='bbox 750 687 868 750; x_wconf 90' lang='lat' dir='ltr'>iterum</span> <span class='ocrx_word' id='word_1_18' title='bbox 891 687 1040 751; x_wconf 92' lang='lat' dir='ltr'>accidere</span> <span class='ocrx_word' id='word_1_19' title='bbox 1062 687 1177 769; x_wconf 81' lang='lat' dir='ltr'><strong>possit,</strong></span> <span class='ocrx_word' id='word_1_20' title='bbox 1199 694 1236 750; x_wconf 85' lang='lat' dir='ltr'>ut</span> <span class='ocrx_word' id='word_1_21' title='bbox 1252 687 1416 769; x_wconf 83' lang='lat' dir='ltr'>quispiam</span> <span class='ocrx_word' id='word_1_22' title='bbox 1436 689 1474 752; x_wconf 84' lang='lat' dir='ltr'>in</span> 
     </span>
     <span class='ocr_line' id='line_1_4' title="bbox 313 784 1472 872; baseline 0.007 -24"><span class='ocrx_word' id='word_1_23' title='bbox 313 785 347 850; x_wconf 93' lang='lat' dir='ltr'>id</span> <span class='ocrx_word' id='word_1_24' title='bbox 366 784 450 850; x_wconf 83' lang='lat' dir='ltr'>forte</span> <span class='ocrx_word' id='word_1_25' title='bbox 473 785 604 849; x_wconf 81' lang='lat' dir='ltr'>fortuna</span> <span class='ocrx_word' id='word_1_26' title='bbox 627 787 759 864; x_wconf 91' lang='lat' dir='ltr'>incidat,</span> <span class='ocrx_word' id='word_1_27' title='bbox 784 790 874 870; x_wconf 91' lang='lat' dir='ltr'>quod</span> <span class='ocrx_word' id='word_1_28' title='bbox 897 809 1019 872; x_wconf 82' lang='lat' dir='ltr'>magno</span> <span class='ocrx_word' id='word_1_29' title='bbox 1041 797 1162 853; x_wconf 89' lang='lat' dir='ltr'>conatu</span> <span class='ocrx_word' id='word_1_30' title='bbox 1187 797 1222 852; x_wconf 89' lang='lat' dir='ltr'>et</span> <span class='ocrx_word' id='word_1_31' title='bbox 1244 790 1287 853; x_wconf 94' lang='lat' dir='ltr'>de</span> <span class='ocrx_word' id='word_1_32' title='bbox 1309 790 1472 856; x_wconf 82' lang='lat' dir='ltr'>industria</span> 
     </span>
     <span class='ocr_line' id='line_1_5' title="bbox 313 889 1471 974; baseline 0.005 -22"><span class='ocrx_word' id='word_1_33' title='bbox 313 898 513 952; x_wconf 87' lang='lat' dir='ltr'><strong>scrutantem</strong></span> <span class='ocrx_word' id='word_1_34' title='bbox 537 898 635 952; x_wconf 90' lang='lat' dir='ltr'>antea</span> <span class='ocrx_word' id='word_1_35' title='bbox 651 889 757 971; x_wconf 81' lang='lat' dir='ltr'>lugit3</span> <span class='ocrx_word' id='word_1_36' title='bbox 780 899 893 956; x_wconf 89' lang='lat' dir='ltr'>tamen</span> <span class='ocrx_word' id='word_1_37' title='bbox 917 893 950 955; x_wconf 95' lang='lat' dir='ltr'>in</span> <span class='ocrx_word' id='word_1_38' title='bbox 972 912 1103 956; x_wconf 91' lang='lat' dir='ltr'>summa</span> <span class='ocrx_word' id='word_1_39' title='bbox 1124 911 1230 954; x_wconf 91' lang='lat' dir='ltr'>rerum</span> <span class='ocrx_word' id='word_1_40' title='bbox 1252 893 1471 974; x_wconf 90' lang='lat' dir='ltr'>proculdubio</span> 
     </span>
     <span class='ocr_line' id='line_1_6' title="bbox 314 991 1471 1079; baseline 0.005 -24"><span class='ocrx_word' id='word_1_41' title='bbox 314 993 513 1056; x_wconf 90' lang='lat' dir='ltr'>contrarium</span> <span class='ocrx_word' id='word_1_42' title='bbox 537 991 709 1056; x_wconf 91' lang='lat' dir='ltr'>invenitur.</span> <span class='ocrx_word' id='word_1_43' title='bbox 754 994 873 1077; x_wconf 91' lang='lat' dir='ltr'>Itaque</span> <span class='ocrx_word' id='word_1_44' title='bbox 896 996 995 1078; x_wconf 87' lang='lat' dir='ltr'>longe</span> <span class='ocrx_word' id='word_1_45' title='bbox 1021 997 1114 1078; x_wconf 91' lang='lat' dir='ltr'>plura</span> <span class='ocrx_word' id='word_1_46' title='bbox 1142 1003 1176 1059; x_wconf 91' lang='lat' dir='ltr'>et</span> <span class='ocrx_word' id='word_1_47' title='bbox 1203 994 1346 1074; x_wconf 81' lang='lat' dir='ltr'>meliora,</span> <span class='ocrx_word' id='word_1_48' title='bbox 1368 1006 1471 1079; x_wconf 91' lang='lat' dir='ltr'>atque</span> 
     </span>
     <span class='ocr_line' id='line_1_7' title="bbox 313 1094 1470 1178; baseline 0.004 -19"><span class='ocrx_word' id='word_1_49' title='bbox 313 1113 374 1178; x_wconf 88' lang='lat' dir='ltr'>per</span> <span class='ocrx_word' id='word_1_50' title='bbox 396 1095 522 1158; x_wconf 91' lang='lat' dir='ltr'>minora</span> <span class='ocrx_word' id='word_1_51' title='bbox 544 1094 724 1174; x_wconf 77' lang='lat' dir='ltr'>intervalla,</span> <span class='ocrx_word' id='word_1_52' title='bbox 746 1117 766 1160; x_wconf 93' lang='lat' dir='ltr'>a</span> <span class='ocrx_word' id='word_1_53' title='bbox 785 1098 913 1161; x_wconf 91' lang='lat' dir='ltr'>ratione</span> <span class='ocrx_word' id='word_1_54' title='bbox 936 1107 970 1162; x_wconf 90' lang='lat' dir='ltr'>et</span> <span class='ocrx_word' id='word_1_55' title='bbox 990 1098 1150 1162; x_wconf 90' lang='lat' dir='ltr'>industria</span> <span class='ocrx_word' id='word_1_56' title='bbox 1173 1106 1209 1161; x_wconf 87' lang='lat' dir='ltr'>et</span> <span class='ocrx_word' id='word_1_57' title='bbox 1230 1099 1413 1163; x_wconf 85' lang='lat' dir='ltr'>directione</span> <span class='ocrx_word' id='word_1_58' title='bbox 1435 1110 1470 1164; x_wconf 90' lang='lat' dir='ltr'>et</span> 
     </span>
     <span class='ocr_line' id='line_1_8' title="bbox 315 1197 1473 1284; baseline 0.006 -24"><span class='ocrx_word' id='word_1_59' title='bbox 315 1198 497 1262; x_wconf 89' lang='lat' dir='ltr'>intentione</span> <span class='ocrx_word' id='word_1_60' title='bbox 518 1197 690 1262; x_wconf 91' lang='lat' dir='ltr'>hominum</span> <span class='ocrx_word' id='word_1_61' title='bbox 714 1201 877 1282; x_wconf 92' lang='lat' dir='ltr'>speranda</span> <span class='ocrx_word' id='word_1_62' title='bbox 899 1209 984 1279; x_wconf 88' lang='lat' dir='ltr'>sunt,</span> <span class='ocrx_word' id='word_1_63' title='bbox 1000 1221 1101 1284; x_wconf 87' lang='lat' dir='ltr'>quam</span> <span class='ocrx_word' id='word_1_64' title='bbox 1122 1223 1142 1265; x_wconf 90' lang='lat' dir='ltr'>a</span> <span class='ocrx_word' id='word_1_65' title='bbox 1163 1221 1238 1264; x_wconf 91' lang='lat' dir='ltr'>casu</span> <span class='ocrx_word' id='word_1_66' title='bbox 1258 1211 1291 1264; x_wconf 88' lang='lat' dir='ltr'>et</span> <span class='ocrx_word' id='word_1_67' title='bbox 1313 1203 1473 1267; x_wconf 85' lang='lat' dir='ltr'>instinctu</span> 
     </span>
     <span class='ocr_line' id='line_1_9' title="bbox 313 1301 1471 1386; baseline 0.003 -21"><span class='ocrx_word' id='word_1_68' title='bbox 313 1301 504 1365; x_wconf 88' lang='lat' dir='ltr'>animalium</span> <span class='ocrx_word' id='word_1_69' title='bbox 529 1310 564 1365; x_wconf 90' lang='lat' dir='ltr'>et</span> <span class='ocrx_word' id='word_1_70' title='bbox 585 1301 782 1384; x_wconf 89' lang='lat' dir='ltr'>hujusmodi,</span> <span class='ocrx_word' id='word_1_71' title='bbox 807 1324 892 1385; x_wconf 91' lang='lat' dir='ltr'>quae</span> <span class='ocrx_word' id='word_1_72' title='bbox 918 1303 1078 1368; x_wconf 90' lang='lat' dir='ltr'>hactenus</span> <span class='ocrx_word' id='word_1_73' title='bbox 1104 1304 1299 1386; x_wconf 86' lang='lat' dir='ltr'>principium</span> <span class='ocrx_word' id='word_1_74' title='bbox 1326 1305 1471 1369; x_wconf 89' lang='lat' dir='ltr'>inventis</span> 
     </span>
    </p>
   </div>
   <div class='ocr_carea' id='block_1_4' title="bbox 315 1405 939 1560">
    <p class='ocr_par' dir='ltr' id='par_1_4' title="bbox 315 1405 939 1560">
     <span class='ocr_line' id='line_1_10' title="bbox 315 1405 488 1470; baseline 0.006 -2"><span class='ocrx_word' id='word_1_75' title='bbox 315 1405 488 1470; x_wconf 88' lang='lat' dir='ltr'>dederunt.</span> 
     </span>
     <span class='ocr_line' id='line_1_11' title="bbox 846 1495 939 1560; baseline 0 0"><span class='ocrx_word' id='word_1_76' title='bbox 846 1495 939 1560; x_wconf 91' lang='lat' dir='ltr'><strong>CIX.</strong></span> 
     </span>
    </p>
   </div>
   <div class='ocr_carea' id='block_1_5' title="bbox 311 1612 1471 3360">
    <p class='ocr_par' dir='ltr' id='par_1_5' title="bbox 311 1612 1470 2508">
     <span class='ocr_line' id='line_1_12' title="bbox 358 1612 1469 1699; baseline 0.004 -23"><span class='ocrx_word' id='word_1_77' title='bbox 358 1613 471 1676; x_wconf 92' lang='lat' dir='ltr'>Etiam</span> <span class='ocrx_word' id='word_1_78' title='bbox 488 1612 567 1676; x_wconf 91' lang='lat' dir='ltr'>illud</span> <span class='ocrx_word' id='word_1_79' title='bbox 584 1614 627 1677; x_wconf 95' lang='lat' dir='ltr'>ad</span> <span class='ocrx_word' id='word_1_80' title='bbox 643 1633 736 1696; x_wconf 90' lang='lat' dir='ltr'>spem</span> <span class='ocrx_word' id='word_1_81' title='bbox 752 1613 838 1678; x_wconf 91' lang='lat' dir='ltr'>trahi</span> <span class='ocrx_word' id='word_1_82' title='bbox 853 1617 967 1699; x_wconf 89' lang='lat' dir='ltr'>possit,</span> <span class='ocrx_word' id='word_1_83' title='bbox 977 1616 1067 1698; x_wconf 95' lang='lat' dir='ltr'>quod</span> <span class='ocrx_word' id='word_1_84' title='bbox 1084 1613 1241 1679; x_wconf 91' lang='lat' dir='ltr'>nonnulla</span> <span class='ocrx_word' id='word_1_85' title='bbox 1257 1636 1300 1678; x_wconf 87' lang='lat' dir='ltr'>ex</span> <span class='ocrx_word' id='word_1_86' title='bbox 1316 1613 1368 1679; x_wconf 93' lang='lat' dir='ltr'>his</span> <span class='ocrx_word' id='word_1_87' title='bbox 1384 1636 1469 1698; x_wconf 90' lang='lat' dir='ltr'>quae</span> 
     </span>
     <span class='ocr_line' id='line_1_13' title="bbox 311 1715 1470 1802; baseline 0.002 -22"><span class='ocrx_word' id='word_1_88' title='bbox 311 1715 381 1799; x_wconf 84' lang='lat' dir='ltr'>jam</span> <span class='ocrx_word' id='word_1_89' title='bbox 401 1718 534 1780; x_wconf 90' lang='lat' dir='ltr'>inventa</span> <span class='ocrx_word' id='word_1_90' title='bbox 555 1726 632 1781; x_wconf 91' lang='lat' dir='ltr'>sunt</span> <span class='ocrx_word' id='word_1_91' title='bbox 655 1717 725 1798; x_wconf 89' lang='lat' dir='ltr'>ejus</span> <span class='ocrx_word' id='word_1_92' title='bbox 748 1719 814 1782; x_wconf 89' lang='lat' dir='ltr'>sint</span> <span class='ocrx_word' id='word_1_93' title='bbox 836 1722 964 1802; x_wconf 86' lang='lat' dir='ltr'>generis</span> <span class='ocrx_word' id='word_1_94' title='bbox 986 1729 1022 1784; x_wconf 96' lang='lat' dir='ltr'>ut</span> <span class='ocrx_word' id='word_1_95' title='bbox 1045 1728 1225 1802; x_wconf 86' lang='lat' dir='ltr'>antequam</span> <span class='ocrx_word' id='word_1_96' title='bbox 1248 1720 1470 1784; x_wconf 86' lang='lat' dir='ltr'>invenirentur</span> 
     </span>
     <span class='ocr_line' id='line_1_14' title="bbox 314 1819 1470 1905; baseline 0.003 -21"><span class='ocrx_word' id='word_1_97' title='bbox 314 1821 403 1885; x_wconf 87' lang='lat' dir='ltr'>haud</span> <span class='ocrx_word' id='word_1_98' title='bbox 429 1819 527 1885; x_wconf 83' lang='lat' dir='ltr'>facile</span> <span class='ocrx_word' id='word_1_99' title='bbox 553 1821 705 1903; x_wconf 92' lang='lat' dir='ltr'>cuiquam</span> <span class='ocrx_word' id='word_1_100' title='bbox 729 1823 762 1885; x_wconf 91' lang='lat' dir='ltr'>in</span> <span class='ocrx_word' id='word_1_101' title='bbox 790 1835 936 1888; x_wconf 90' lang='lat' dir='ltr'>mentem</span> <span class='ocrx_word' id='word_1_102' title='bbox 958 1825 1102 1888; x_wconf 86' lang='lat' dir='ltr'>venisset</span> <span class='ocrx_word' id='word_1_103' title='bbox 1124 1824 1168 1887; x_wconf 91' lang='lat' dir='ltr'>de</span> <span class='ocrx_word' id='word_1_104' title='bbox 1191 1823 1230 1886; x_wconf 88' lang='lat' dir='ltr'>iis</span> <span class='ocrx_word' id='word_1_105' title='bbox 1251 1825 1374 1905; x_wconf 87' lang='lat' dir='ltr'>aliquid</span> <span class='ocrx_word' id='word_1_106' title='bbox 1398 1845 1470 1888; x_wconf 85' lang='lat' dir='ltr'>sus-</span> 
     </span>
     <span class='ocr_line' id='line_1_15' title="bbox 314 1924 1468 2012; baseline 0.005 -26"><span class='ocrx_word' id='word_1_107' title='bbox 314 1924 437 2010; x_wconf 86' lang='lat' dir='ltr'>picari3</span> <span class='ocrx_word' id='word_1_108' title='bbox 473 1925 533 1987; x_wconf 89' lang='lat' dir='ltr'>sed</span> <span class='ocrx_word' id='word_1_109' title='bbox 563 1924 661 2005; x_wconf 91' lang='lat' dir='ltr'>plane</span> <span class='ocrx_word' id='word_1_110' title='bbox 691 1927 766 2007; x_wconf 93' lang='lat' dir='ltr'>quis</span> <span class='ocrx_word' id='word_1_111' title='bbox 796 1927 853 1991; x_wconf 93' lang='lat' dir='ltr'>illa</span> <span class='ocrx_word' id='word_1_112' title='bbox 883 1939 919 1992; x_wconf 96' lang='lat' dir='ltr'>ut</span> <span class='ocrx_word' id='word_1_113' title='bbox 955 1929 1172 2012; x_wconf 89' lang='lat' dir='ltr'>impossibilia</span> <span class='ocrx_word' id='word_1_114' title='bbox 1207 1929 1468 2010; x_wconf 86' lang='lat' dir='ltr'>contempsisset.</span> 
     </span>
     <span class='ocr_line' id='line_1_16' title="bbox 316 2027 1467 2115; baseline 0.002 -22"><span class='ocrx_word' id='word_1_115' title='bbox 316 2027 434 2093; x_wconf 87' lang='lat' dir='ltr'>Solent</span> <span class='ocrx_word' id='word_1_116' title='bbox 457 2029 544 2090; x_wconf 90' lang='lat' dir='ltr'>enim</span> <span class='ocrx_word' id='word_1_117' title='bbox 567 2027 718 2093; x_wconf 90' lang='lat' dir='ltr'>homines</span> <span class='ocrx_word' id='word_1_118' title='bbox 733 2031 775 2094; x_wconf 88' lang='lat' dir='ltr'>de</span> <span class='ocrx_word' id='word_1_119' title='bbox 797 2032 894 2096; x_wconf 90' lang='lat' dir='ltr'>rebus</span> <span class='ocrx_word' id='word_1_120' title='bbox 916 2035 1009 2096; x_wconf 92' lang='lat' dir='ltr'>novis</span> <span class='ocrx_word' id='word_1_121' title='bbox 1032 2036 1075 2097; x_wconf 92' lang='lat' dir='ltr'>ad</span> <span class='ocrx_word' id='word_1_122' title='bbox 1099 2031 1291 2115; x_wconf 87' lang='lat' dir='ltr'>exemplum</span> <span class='ocrx_word' id='word_1_123' title='bbox 1312 2041 1467 2107; x_wconf 89' lang='lat' dir='ltr'>veterum,</span> 
     </span>
     <span class='ocr_line' id='line_1_17' title="bbox 317 2131 1467 2218; baseline 0.003 -24"><span class='ocrx_word' id='word_1_124' title='bbox 317 2140 350 2194; x_wconf 90' lang='lat' dir='ltr'>et</span> <span class='ocrx_word' id='word_1_125' title='bbox 374 2132 554 2194; x_wconf 91' lang='lat' dir='ltr'>secundum</span> <span class='ocrx_word' id='word_1_126' title='bbox 579 2131 789 2212; x_wconf 86' lang='lat' dir='ltr'>phantasiam</span> <span class='ocrx_word' id='word_1_127' title='bbox 817 2156 859 2198; x_wconf 83' lang='lat' dir='ltr'>ex</span> <span class='ocrx_word' id='word_1_128' title='bbox 887 2136 926 2200; x_wconf 92' lang='lat' dir='ltr'>iis</span> <span class='ocrx_word' id='word_1_129' title='bbox 953 2146 1165 2218; x_wconf 85' lang='lat' dir='ltr'>praeceptam</span> <span class='ocrx_word' id='word_1_130' title='bbox 1191 2145 1226 2200; x_wconf 89' lang='lat' dir='ltr'>et</span> <span class='ocrx_word' id='word_1_131' title='bbox 1251 2135 1467 2216; x_wconf 86' lang='lat' dir='ltr'>inquinatam,</span> 
     </span>
     <span class='ocr_line' id='line_1_18' title="bbox 315 2234 1469 2320; baseline 0.005 -24"><span class='ocrx_word' id='word_1_132' title='bbox 315 2234 489 2312; x_wconf 85' lang='lat' dir='ltr'>hariolari3</span> <span class='ocrx_word' id='word_1_133' title='bbox 523 2236 611 2316; x_wconf 91' lang='lat' dir='ltr'>quod</span> <span class='ocrx_word' id='word_1_134' title='bbox 641 2255 745 2317; x_wconf 84' lang='lat' dir='ltr'>genus</span> <span class='ocrx_word' id='word_1_135' title='bbox 775 2239 933 2320; x_wconf 91' lang='lat' dir='ltr'>opinandi</span> <span class='ocrx_word' id='word_1_136' title='bbox 958 2238 1204 2303; x_wconf 82' lang='lat' dir='ltr'>fallacissimum</span> <span class='ocrx_word' id='word_1_137' title='bbox 1235 2249 1294 2314; x_wconf 90' lang='lat' dir='ltr'>est,</span> <span class='ocrx_word' id='word_1_138' title='bbox 1320 2239 1469 2320; x_wconf 93' lang='lat' dir='ltr'>quando·</span> 
     </span>
     <span class='ocr_line' id='line_1_19' title="bbox 316 2337 1470 2425; baseline 0.005 -25"><span class='ocrx_word' id='word_1_139' title='bbox 316 2339 451 2420; x_wconf 88' lang='lat' dir='ltr'>quidem</span> <span class='ocrx_word' id='word_1_140' title='bbox 479 2337 584 2401; x_wconf 92' lang='lat' dir='ltr'>multa</span> <span class='ocrx_word' id='word_1_141' title='bbox 609 2360 654 2402; x_wconf 89' lang='lat' dir='ltr'>ex</span> <span class='ocrx_word' id='word_1_142' title='bbox 680 2339 841 2422; x_wconf 92' lang='lat' dir='ltr'>hisquae</span> <span class='ocrx_word' id='word_1_143' title='bbox 867 2363 911 2405; x_wconf 89' lang='lat' dir='ltr'>ex</span> <span class='ocrx_word' id='word_1_144' title='bbox 934 2342 1079 2406; x_wconf 84' lang='lat' dir='ltr'>lontibus</span> <span class='ocrx_word' id='word_1_145' title='bbox 1102 2363 1209 2406; x_wconf 86' lang='lat' dir='ltr'>rerum</span> <span class='ocrx_word' id='word_1_146' title='bbox 1232 2351 1389 2424; x_wconf 85' lang='lat' dir='ltr'>petuntur</span> <span class='ocrx_word' id='word_1_147' title='bbox 1409 2363 1470 2425; x_wconf 85' lang='lat' dir='ltr'>per</span> 
     </span>
     <span class='ocr_line' id='line_1_20' title="bbox 315 2442 836 2508; baseline 0.008 -4"><span class='ocrx_word' id='word_1_148' title='bbox 315 2442 435 2504; x_wconf 90' lang='lat' dir='ltr'>rivulos</span> <span class='ocrx_word' id='word_1_149' title='bbox 450 2453 624 2505; x_wconf 91' lang='lat' dir='ltr'>consuetos</span> <span class='ocrx_word' id='word_1_150' title='bbox 641 2463 706 2506; x_wconf 92' lang='lat' dir='ltr'>non</span> <span class='ocrx_word' id='word_1_151' title='bbox 723 2443 836 2508; x_wconf 89' lang='lat' dir='ltr'>fluant.</span> 
     </span>
    </p>

    <p class='ocr_par' dir='ltr' id='par_1_6' title="bbox 315 2543 1471 3360">
     <span class='ocr_line' id='line_1_21' title="bbox 358 2543 1467 2631; baseline 0.004 -23"><span class='ocrx_word' id='word_1_152' title='bbox 358 2543 471 2609; x_wconf 91' lang='lat' dir='ltr'>Veluti</span> <span class='ocrx_word' id='word_1_153' title='bbox 494 2546 523 2607; x_wconf 85' lang='lat' dir='ltr'>si</span> <span class='ocrx_word' id='word_1_154' title='bbox 541 2545 622 2626; x_wconf 78' lang='lat' dir='ltr'>quiS,</span> <span class='ocrx_word' id='word_1_155' title='bbox 645 2556 722 2609; x_wconf 92' lang='lat' dir='ltr'>ante</span> <span class='ocrx_word' id='word_1_156' title='bbox 745 2557 983 2612; x_wconf 91' lang='lat' dir='ltr'>tormentorum</span> <span class='ocrx_word' id='word_1_157' title='bbox 1007 2549 1177 2631; x_wconf 87' lang='lat' dir='ltr'>igneorum</span> <span class='ocrx_word' id='word_1_158' title='bbox 1188 2546 1213 2584; x_wconf 89' lang='lat'>¹⁰</span> <span class='ocrx_word' id='word_1_159' title='bbox 1235 2548 1467 2627; x_wconf 90' lang='lat' dir='ltr'>inventionem,</span> 
     </span>
     <span class='ocr_line' id='line_1_22' title="bbox 316 2648 1468 2733; baseline 0.005 -21"><span class='ocrx_word' id='word_1_160' title='bbox 316 2667 385 2712; x_wconf 90' lang='lat' dir='ltr'>rem</span> <span class='ocrx_word' id='word_1_161' title='bbox 401 2669 459 2730; x_wconf 88' lang='lat' dir='ltr'>per</span> <span class='ocrx_word' id='word_1_162' title='bbox 475 2648 610 2712; x_wconf 83' lang='lat' dir='ltr'>effectus</span> <span class='ocrx_word' id='word_1_163' title='bbox 626 2650 858 2732; x_wconf 89' lang='lat' dir='ltr'>descripsisset,</span> <span class='ocrx_word' id='word_1_164' title='bbox 874 2661 975 2733; x_wconf 89' lang='lat' dir='ltr'>atque</span> <span class='ocrx_word' id='word_1_165' title='bbox 995 2653 1030 2714; x_wconf 91' lang='lat' dir='ltr'>in</span> <span class='ocrx_word' id='word_1_166' title='bbox 1049 2652 1135 2715; x_wconf 92' lang='lat' dir='ltr'>hunc</span> <span class='ocrx_word' id='word_1_167' title='bbox 1154 2652 1292 2714; x_wconf 88' lang='lat' dir='ltr'>modum</span> <span class='ocrx_word' id='word_1_168' title='bbox 1307 2653 1468 2718; x_wconf 73' lang='lat' dir='ltr'>dixisset:</span> 
     </span>
     <span class='ocr_line' id='line_1_23' title="bbox 315 2753 1469 2836; baseline 0.004 -20"><span class='ocrx_word' id='word_1_169' title='bbox 315 2753 485 2816; x_wconf 90' lang='lat' dir='ltr'>inventum</span> <span class='ocrx_word' id='word_1_170' title='bbox 508 2754 677 2834; x_wconf 89' lang='lat' dir='ltr'>quoddam</span> <span class='ocrx_word' id='word_1_171' title='bbox 700 2754 868 2817; x_wconf 88' lang='lat' dir='ltr'>detectum</span> <span class='ocrx_word' id='word_1_172' title='bbox 895 2775 975 2831; x_wconf 91' lang='lat' dir='ltr'>esse,</span> <span class='ocrx_word' id='word_1_173' title='bbox 997 2775 1057 2836; x_wconf 92' lang='lat' dir='ltr'>per</span> <span class='ocrx_word' id='word_1_174' title='bbox 1079 2755 1171 2835; x_wconf 91' lang='lat' dir='ltr'>quod</span> <span class='ocrx_word' id='word_1_175' title='bbox 1195 2757 1279 2818; x_wconf 87' lang='lat' dir='ltr'>muri</span> <span class='ocrx_word' id='word_1_176' title='bbox 1303 2766 1336 2820; x_wconf 91' lang='lat' dir='ltr'>et</span> <span class='ocrx_word' id='word_1_177' title='bbox 1363 2759 1469 2820; x_wconf 89' lang='lat' dir='ltr'>muni·</span> 
     </span>
     <span class='ocr_line' id='line_1_24' title="bbox 316 2858 1471 2945; baseline -0.002 -17"><span class='ocrx_word' id='word_1_178' title='bbox 316 2864 423 2928; x_wconf 87' lang='lat' dir='ltr'>tiones</span> <span class='ocrx_word' id='word_1_179' title='bbox 439 2883 588 2945; x_wconf 85' lang='lat' dir='ltr'>quaeque</span> <span class='ocrx_word' id='word_1_180' title='bbox 604 2862 772 2924; x_wconf 87' lang='lat' dir='ltr'>maximae</span> <span class='ocrx_word' id='word_1_181' title='bbox 793 2883 837 2925; x_wconf 88' lang='lat' dir='ltr'>ex</span> <span class='ocrx_word' id='word_1_182' title='bbox 858 2860 958 2943; x_wconf 88' lang='lat' dir='ltr'>longo</span> <span class='ocrx_word' id='word_1_183' title='bbox 979 2858 1151 2924; x_wconf 88' lang='lat' dir='ltr'>intervallo</span> <span class='ocrx_word' id='word_1_184' title='bbox 1172 2861 1302 2925; x_wconf 91' lang='lat' dir='ltr'>concuti</span> <span class='ocrx_word' id='word_1_185' title='bbox 1323 2872 1355 2924; x_wconf 91' lang='lat' dir='ltr'>et</span> <span class='ocrx_word' id='word_1_186' title='bbox 1371 2861 1471 2944; x_wconf 86' lang='lat' dir='ltr'>dejici</span> 
     </span>
     <span class='ocr_line' id='line_1_25' title="bbox 315 2964 1468 3052; baseline -0.003 -20"><span class='ocrx_word' id='word_1_187' title='bbox 315 2970 462 3052; x_wconf 91' lang='lat' dir='ltr'>possint;</span> <span class='ocrx_word' id='word_1_188' title='bbox 484 2967 635 3030; x_wconf 91' lang='lat' dir='ltr'>homines</span> <span class='ocrx_word' id='word_1_189' title='bbox 650 2986 729 3029; x_wconf 89' lang='lat' dir='ltr'>sane</span> <span class='ocrx_word' id='word_1_190' title='bbox 745 2965 787 3029; x_wconf 90' lang='lat' dir='ltr'>de</span> <span class='ocrx_word' id='word_1_191' title='bbox 802 2964 924 3027; x_wconf 90' lang='lat' dir='ltr'>viribus</span> <span class='ocrx_word' id='word_1_192' title='bbox 937 2973 1177 3029; x_wconf 87' lang='lat' dir='ltr'>tormentorum</span> <span class='ocrx_word' id='word_1_193' title='bbox 1194 2974 1227 3027; x_wconf 93' lang='lat' dir='ltr'>et</span> <span class='ocrx_word' id='word_1_194' title='bbox 1243 2966 1468 3029; x_wconf 90' lang='lat' dir='ltr'>machinarum</span> 
     </span>
     <span class='ocr_line' id='line_1_26' title="bbox 316 3068 1470 3154; baseline -0.002 -18"><span class='ocrx_word' id='word_1_195' title='bbox 316 3094 377 3154; x_wconf 91' lang='lat' dir='ltr'>per</span> <span class='ocrx_word' id='word_1_196' title='bbox 401 3074 547 3153; x_wconf 87' lang='lat' dir='ltr'>pondera</span> <span class='ocrx_word' id='word_1_197' title='bbox 571 3080 604 3136; x_wconf 92' lang='lat' dir='ltr'>et</span> <span class='ocrx_word' id='word_1_198' title='bbox 631 3080 721 3134; x_wconf 89' lang='lat' dir='ltr'>rotas</span> <span class='ocrx_word' id='word_1_199' title='bbox 746 3078 780 3132; x_wconf 90' lang='lat' dir='ltr'>et</span> <span class='ocrx_word' id='word_1_200' title='bbox 805 3068 993 3150; x_wconf 87' lang='lat' dir='ltr'>hujusmodi</span> <span class='ocrx_word' id='word_1_201' title='bbox 1016 3069 1227 3132; x_wconf 89' lang='lat' dir='ltr'>arietationes</span> <span class='ocrx_word' id='word_1_202' title='bbox 1252 3079 1287 3133; x_wconf 90' lang='lat' dir='ltr'>et</span> <span class='ocrx_word' id='word_1_203' title='bbox 1308 3069 1470 3152; x_wconf 90' lang='lat' dir='ltr'>impulsus</span> 
     </span>
     <span class='ocr_line' id='line_1_27' title="bbox 317 3172 1471 3259; baseline -0.003 -19"><span class='ocrx_word' id='word_1_204' title='bbox 317 3175 582 3259; x_wconf 88' lang='lat' dir='ltr'>multiplicandis,</span> <span class='ocrx_word' id='word_1_205' title='bbox 603 3175 706 3238; x_wconf 89' lang='lat' dir='ltr'>multa</span> <span class='ocrx_word' id='word_1_206' title='bbox 730 3182 764 3236; x_wconf 89' lang='lat' dir='ltr'>et</span> <span class='ocrx_word' id='word_1_207' title='bbox 786 3174 876 3236; x_wconf 88' lang='lat' dir='ltr'>varia</span> <span class='ocrx_word' id='word_1_208' title='bbox 899 3192 1010 3235; x_wconf 89' lang='lat' dir='ltr'>secum</span> <span class='ocrx_word' id='word_1_209' title='bbox 1034 3173 1207 3253; x_wconf 86' lang='lat' dir='ltr'>cogitaturi</span> <span class='ocrx_word' id='word_1_210' title='bbox 1232 3172 1391 3252; x_wconf 82' lang='lat' dir='ltr'>luissent;</span> <span class='ocrx_word' id='word_1_211' title='bbox 1426 3174 1471 3236; x_wconf 85' lang='lat' dir='ltr'>de</span> 
     </span>
     <span class='ocr_line' id='line_1_28' title="bbox 316 3275 1470 3360; baseline -0.005 -14"><span class='ocrx_word' id='word_1_212' title='bbox 316 3289 415 3346; x_wconf 90' lang='lat' dir='ltr'>vento</span> <span class='ocrx_word' id='word_1_213' title='bbox 441 3288 552 3343; x_wconf 89' lang='lat' dir='ltr'>autern</span> <span class='ocrx_word' id='word_1_214' title='bbox 578 3276 675 3360; x_wconf 83' lang='lat' dir='ltr'>igneo</span> <span class='ocrx_word' id='word_1_215' title='bbox 685 3275 717 3356; x_wconf 80' lang='lat'>¹¹,</span> <span class='ocrx_word' id='word_1_216' title='bbox 737 3286 807 3339; x_wconf 90' lang='lat' dir='ltr'>tarn</span> <span class='ocrx_word' id='word_1_217' title='bbox 830 3276 940 3340; x_wconf 91' lang='lat' dir='ltr'>subito</span> <span class='ocrx_word' id='word_1_218' title='bbox 964 3286 997 3339; x_wconf 91' lang='lat' dir='ltr'>et</span> <span class='ocrx_word' id='word_1_219' title='bbox 1020 3276 1180 3340; x_wconf 87' lang='lat' dir='ltr'>violenter</span> <span class='ocrx_word' id='word_1_220' title='bbox 1199 3297 1235 3340; x_wconf 90' lang='lat' dir='ltr'>se</span> <span class='ocrx_word' id='word_1_221' title='bbox 1255 3279 1470 3360; x_wconf 85' lang='lat' dir='ltr'>expandente</span> 
     </span>
    </p>
   </div>
   <div class='ocr_carea' id='block_1_6' title="bbox 315 3523 1476 4593">
    <p class='ocr_par' dir='ltr' id='par_1_7' title="bbox 315 3523 1474 4180">
     <span class='ocr_line' id='line_1_29' title="bbox 351 3523 1469 3594; baseline -0.002 -14"><span class='ocrx_word' id='word_1_222' title='bbox 351 3525 374 3560; x_wconf 85' lang='lat'>¹⁰</span> <span class='ocrx_word' id='word_1_223' title='bbox 391 3529 516 3582; x_wconf 86' lang='lat' dir='ltr'>Cannon.</span> <span class='ocrx_word' id='word_1_224' title='bbox 553 3526 657 3593; x_wconf 80' lang='lat' dir='ltr'>‘Large</span> <span class='ocrx_word' id='word_1_225' title='bbox 673 3527 772 3594; x_wconf 86' lang='lat' dir='ltr'>pleces,</span> <span class='ocrx_word' id='word_1_226' title='bbox 788 3524 878 3579; x_wconf 81' lang='lat' dir='ltr'>which</span> <span class='ocrx_word' id='word_1_227' title='bbox 895 3539 969 3577; x_wconf 83' lang='lat' dir='ltr'>were</span> <span class='ocrx_word' id='word_1_228' title='bbox 985 3523 1127 3592; x_wconf 79' lang='lat' dir='ltr'>conveyed</span> <span class='ocrx_word' id='word_1_229' title='bbox 1143 3539 1180 3577; x_wconf 88' lang='lat' dir='ltr'>on</span> <span class='ocrx_word' id='word_1_230' title='bbox 1197 3539 1258 3578; x_wconf 88' lang='lat' dir='ltr'>cars</span> <span class='ocrx_word' id='word_1_231' title='bbox 1274 3541 1309 3579; x_wconf 91' lang='lat' dir='ltr'>or</span> <span class='ocrx_word' id='word_1_232' title='bbox 1323 3526 1469 3592; x_wconf 60' lang='lat' dir='ltr'>carriages</span> 
     </span>
     <span class='ocr_line' id='line_1_30' title="bbox 316 3607 1470 3675; baseline -0.004 -9"><span class='ocrx_word' id='word_1_233' title='bbox 316 3627 390 3666; x_wconf 87' lang='lat' dir='ltr'>were</span> <span class='ocrx_word' id='word_1_234' title='bbox 409 3610 496 3665; x_wconf 89' lang='lat' dir='ltr'>called</span> <span class='ocrx_word' id='word_1_235' title='bbox 517 3610 728 3675; x_wconf 86' lang='lat' dir='ltr'>karrenbtlchse‚</span> <span class='ocrx_word' id='word_1_236' title='bbox 749 3609 799 3662; x_wconf 91' lang='lat' dir='ltr'>but</span> <span class='ocrx_word' id='word_1_237' title='bbox 818 3625 886 3661; x_wconf 93' lang='lat' dir='ltr'>soon</span> <span class='ocrx_word' id='word_1_238' title='bbox 908 3607 981 3660; x_wconf 86' lang='lat' dir='ltr'>after</span> <span class='ocrx_word' id='word_1_239' title='bbox 1001 3607 1058 3660; x_wconf 83' lang='lat' dir='ltr'>also</span> <span class='ocrx_word' id='word_1_240' title='bbox 1080 3623 1177 3673; x_wconf 83' lang='lat' dir='ltr'>canna,</span> <span class='ocrx_word' id='word_1_241' title='bbox 1195 3609 1323 3662; x_wconf 70' lang='lat' dir='ltr'>cannon!</span> <span class='ocrx_word' id='word_1_242' title='bbox 1358 3608 1470 3661; x_wconf 87' lang='lat' dir='ltr'>‘These</span> 
     </span>
     <span class='ocr_line' id='line_1_31' title="bbox 316 3689 1474 3759; baseline -0.004 -11"><span class='ocrx_word' id='word_1_243' title='bbox 316 3693 538 3748; x_wconf 84' lang='lat' dir='ltr'>karrenbilchsen</span> <span class='ocrx_word' id='word_1_244' title='bbox 551 3694 616 3746; x_wconf 88' lang='lat' dir='ltr'>with</span> <span class='ocrx_word' id='word_1_245' title='bbox 628 3709 644 3746; x_wconf 91' lang='lat' dir='ltr'>a</span> <span class='ocrx_word' id='word_1_246' title='bbox 657 3693 744 3746; x_wconf 88' lang='lat' dir='ltr'>wheel</span> <span class='ocrx_word' id='word_1_247' title='bbox 756 3709 830 3746; x_wconf 87' lang='lat' dir='ltr'>were</span> <span class='ocrx_word' id='word_1_248' title='bbox 842 3691 972 3744; x_wconf 87' lang='lat' dir='ltr'>invented</span> <span class='ocrx_word' id='word_1_249' title='bbox 985 3692 1011 3744; x_wconf 89' lang='lat' dir='ltr'>in</span> <span class='ocrx_word' id='word_1_250' title='bbox 1026 3693 1167 3759; x_wconf 82' lang='lat' dir='ltr'>Germany</span> <span class='ocrx_word' id='word_1_251' title='bbox 1182 3691 1209 3744; x_wconf 89' lang='lat' dir='ltr'>in</span> <span class='ocrx_word' id='word_1_252' title='bbox 1221 3692 1269 3744; x_wconf 86' lang='lat' dir='ltr'>the</span> <span class='ocrx_word' id='word_1_253' title='bbox 1281 3692 1429 3758; x_wconf 75' lang='lat' dir='ltr'>beginning</span> <span class='ocrx_word' id='word_1_254' title='bbox 1440 3689 1474 3744; x_wconf 84' lang='lat' dir='ltr'>of</span> 
     </span>
     <span class='ocr_line' id='line_1_32' title="bbox 315 3773 1470 3846; baseline -0.004 -14"><span class='ocrx_word' id='word_1_255' title='bbox 315 3779 364 3832; x_wconf 88' lang='lat' dir='ltr'>the</span> <span class='ocrx_word' id='word_1_256' title='bbox 385 3779 523 3832; x_wconf 86' lang='lat' dir='ltr'>sixteenth</span> <span class='ocrx_word' id='word_1_257' title='bbox 541 3777 676 3846; x_wconf 70' lang='lat' dir='ltr'>century!</span> <span class='ocrx_word' id='word_1_258' title='bbox 712 3776 835 3829; x_wconf 88' lang='lat' dir='ltr'>‘Martin</span> <span class='ocrx_word' id='word_1_259' title='bbox 855 3775 957 3843; x_wconf 87' lang='lat' dir='ltr'>Bellay‚</span> <span class='ocrx_word' id='word_1_260' title='bbox 977 3774 1107 3842; x_wconf 78' lang='lat' dir='ltr'>speaking</span> <span class='ocrx_word' id='word_1_261' title='bbox 1125 3773 1157 3827; x_wconf 85' lang='lat' dir='ltr'>ol</span> <span class='ocrx_word' id='word_1_262' title='bbox 1176 3774 1223 3827; x_wconf 89' lang='lat' dir='ltr'>the</span> <span class='ocrx_word' id='word_1_263' title='bbox 1244 3773 1339 3842; x_wconf 81' lang='lat' dir='ltr'>lengue</span> <span class='ocrx_word' id='word_1_264' title='bbox 1361 3773 1470 3827; x_wconf 86' lang='lat' dir='ltr'>formed</span> 
     </span>
     <span class='ocr_line' id='line_1_33' title="bbox 315 3857 1470 3930; baseline -0.005 -14"><span class='ocrx_word' id='word_1_265' title='bbox 315 3862 442 3916; x_wconf 88' lang='lat' dir='ltr'>between</span> <span class='ocrx_word' id='word_1_266' title='bbox 461 3861 509 3914; x_wconf 90' lang='lat' dir='ltr'>the</span> <span class='ocrx_word' id='word_1_267' title='bbox 528 3875 655 3930; x_wconf 86' lang='lat' dir='ltr'>emperor</span> <span class='ocrx_word' id='word_1_268' title='bbox 669 3860 782 3913; x_wconf 90' lang='lat' dir='ltr'>Charles</span> <span class='ocrx_word' id='word_1_269' title='bbox 794 3858 820 3924; x_wconf 74' lang='lat' dir='ltr'>V</span> <span class='ocrx_word' id='word_1_270' title='bbox 832 3857 886 3910; x_wconf 92' lang='lat' dir='ltr'>and</span> <span class='ocrx_word' id='word_1_271' title='bbox 903 3872 973 3925; x_wconf 90' lang='lat' dir='ltr'>pope</span> <span class='ocrx_word' id='word_1_272' title='bbox 986 3857 1046 3910; x_wconf 88' lang='lat' dir='ltr'>Leo</span> <span class='ocrx_word' id='word_1_273' title='bbox 1060 3857 1087 3909; x_wconf 86' lang='lat' dir='ltr'>X</span> <span class='ocrx_word' id='word_1_274' title='bbox 1101 3859 1206 3925; x_wconf 79' lang='lat' dir='ltr'>against</span> <span class='ocrx_word' id='word_1_275' title='bbox 1220 3857 1335 3926; x_wconf 85' lang='lat' dir='ltr'>France,</span> <span class='ocrx_word' id='word_1_276' title='bbox 1349 3858 1402 3910; x_wconf 89' lang='lat' dir='ltr'>and</span> <span class='ocrx_word' id='word_1_277' title='bbox 1420 3857 1470 3910; x_wconf 87' lang='lat' dir='ltr'>the</span> 
     </span>
     <span class='ocr_line' id='line_1_34' title="bbox 316 3939 1470 4014; baseline -0.005 -15"><span class='ocrx_word' id='word_1_278' title='bbox 316 3948 389 4014; x_wconf 88' lang='lat' dir='ltr'>siege</span> <span class='ocrx_word' id='word_1_279' title='bbox 408 3944 441 3998; x_wconf 86' lang='lat' dir='ltr'>of</span> <span class='ocrx_word' id='word_1_280' title='bbox 455 3945 554 3998; x_wconf 84' lang='lat' dir='ltr'>Panna</span> <span class='ocrx_word' id='word_1_281' title='bbox 573 3944 744 3997; x_wconf 85' lang='lat' dir='ltr'>undertaken</span> <span class='ocrx_word' id='word_1_282' title='bbox 764 3944 791 3996; x_wconf 90' lang='lat' dir='ltr'>in</span> <span class='ocrx_word' id='word_1_283' title='bbox 810 3941 858 3994; x_wconf 90' lang='lat' dir='ltr'>the</span> <span class='ocrx_word' id='word_1_284' title='bbox 879 3957 945 4010; x_wconf 86' lang='lat' dir='ltr'>year</span> <span class='ocrx_word' id='word_1_285' title='bbox 967 3958 1043 4006; x_wconf 76' lang='lat'>1521,</span> <span class='ocrx_word' id='word_1_286' title='bbox 1062 3957 1131 4009; x_wconf 83' lang='lat' dir='ltr'>says,</span> <span class='ocrx_word' id='word_1_287' title='bbox 1150 3942 1222 3994; x_wconf 84' lang='lat' dir='ltr'>“De</span> <span class='ocrx_word' id='word_1_288' title='bbox 1242 3947 1318 3994; x_wconf 87' lang='lat' dir='ltr'>ceste</span> <span class='ocrx_word' id='word_1_289' title='bbox 1337 3941 1423 3994; x_wconf 81' lang='lat' dir='ltr'>heure</span> <span class='ocrx_word' id='word_1_290' title='bbox 1444 3939 1470 3993; x_wconf 71' lang='lat' dir='ltr'>la</span> 
     </span>
     <span class='ocr_line' id='line_1_35' title="bbox 316 4023 1472 4096; baseline -0.005 -13"><span class='ocrx_word' id='word_1_291' title='bbox 316 4029 409 4084; x_wconf 82' lang='lat' dir='ltr'>iurent</span> <span class='ocrx_word' id='word_1_292' title='bbox 429 4029 570 4081; x_wconf 75' lang='lat' dir='ltr'>inventees</span> <span class='ocrx_word' id='word_1_293' title='bbox 589 4028 628 4080; x_wconf 89' lang='lat' dir='ltr'>les</span> <span class='ocrx_word' id='word_1_294' title='bbox 647 4027 872 4096; x_wconf 87' lang='lat' dir='ltr'>harcquebouzes</span> <span class='ocrx_word' id='word_1_295' title='bbox 890 4025 975 4094; x_wconf 84' lang='lat' dir='ltr'>qu’on</span> <span class='ocrx_word' id='word_1_296' title='bbox 994 4025 1073 4078; x_wconf 89' lang='lat' dir='ltr'>tiroit</span> <span class='ocrx_word' id='word_1_297' title='bbox 1092 4040 1140 4077; x_wconf 87' lang='lat' dir='ltr'>sur</span> <span class='ocrx_word' id='word_1_298' title='bbox 1157 4039 1212 4078; x_wconf 88' lang='lat' dir='ltr'>une</span> <span class='ocrx_word' id='word_1_299' title='bbox 1233 4023 1472 4078; x_wconf 74' lang='lat' dir='ltr'>fourcheua’¹&#39;-·</span> 
     </span>
     <span class='ocr_line' id='line_1_36' title="bbox 318 4110 856 4180; baseline -0.007 -14"><span class='ocrx_word' id='word_1_300' title='bbox 318 4113 501 4168; x_wconf 86' lang='lat' dir='ltr'>Beckmann’s</span> <span class='ocrx_word' id='word_1_301' title='bbox 516 4112 632 4180; x_wconf 80' lang='lat' dir='ltr'>History</span> <span class='ocrx_word' id='word_1_302' title='bbox 644 4110 677 4164; x_wconf 81' lang='lat' dir='ltr'>ol</span> <span class='ocrx_word' id='word_1_303' title='bbox 689 4111 856 4164; x_wconf 79' lang='lat' dir='ltr'>Inventione.</span> 
     </span>
    </p>

    <p class='ocr_par' dir='ltr' id='par_1_8' title="bbox 317 4189 1476 4593">
     <span class='ocr_line' id='line_1_37' title="bbox 353 4189 1471 4261; baseline -0.005 -12"><span class='ocrx_word' id='word_1_304' title='bbox 353 4195 372 4228; x_wconf 84' lang='lat'>²¹</span> <span class='ocrx_word' id='word_1_305' title='bbox 393 4196 553 4249; x_wconf 87' lang='lat' dir='ltr'>Beckmann</span> <span class='ocrx_word' id='word_1_306' title='bbox 566 4195 604 4247; x_wconf 86' lang='lat' dir='ltr'>‘is</span> <span class='ocrx_word' id='word_1_307' title='bbox 617 4193 735 4248; x_wconf 88' lang='lat' dir='ltr'>inclined</span> <span class='ocrx_word' id='word_1_308' title='bbox 748 4199 778 4246; x_wconf 87' lang='lat' dir='ltr'>to</span> <span class='ocrx_word' id='word_1_309' title='bbox 793 4194 894 4246; x_wconf 85' lang='lat' dir='ltr'>accede</span> <span class='ocrx_word' id='word_1_310' title='bbox 910 4198 943 4246; x_wconf 92' lang='lat' dir='ltr'>to</span> <span class='ocrx_word' id='word_1_311' title='bbox 957 4191 1006 4245; x_wconf 83' lang='lat' dir='ltr'>the</span> <span class='ocrx_word' id='word_1_312' title='bbox 1022 4192 1133 4261; x_wconf 84' lang='lat' dir='ltr'>opinion</span> <span class='ocrx_word' id='word_1_313' title='bbox 1151 4190 1185 4244; x_wconf 84' lang='lat' dir='ltr'>of</span> <span class='ocrx_word' id='word_1_314' title='bbox 1199 4190 1279 4244; x_wconf 83' lang='lat' dir='ltr'>those</span> <span class='ocrx_word' id='word_1_315' title='bbox 1291 4190 1354 4243; x_wconf 85' lang='lat' dir='ltr'>who</span> <span class='ocrx_word' id='word_1_316' title='bbox 1365 4189 1471 4244; x_wconf 81' lang='lat' dir='ltr'>believe</span> 
     </span>
     <span class='ocr_line' id='line_1_38' title="bbox 317 4271 1471 4348; baseline -0.004 -19"><span class='ocrx_word' id='word_1_317' title='bbox 317 4278 378 4331; x_wconf 85' lang='lat' dir='ltr'>that</span> <span class='ocrx_word' id='word_1_318' title='bbox 395 4278 562 4348; x_wconf 87' lang='lat' dir='ltr'>gunpowder</span> <span class='ocrx_word' id='word_1_319' title='bbox 574 4293 630 4330; x_wconf 86' lang='lat' dir='ltr'>was</span> <span class='ocrx_word' id='word_1_320' title='bbox 644 4276 773 4330; x_wconf 86' lang='lat' dir='ltr'>invented</span> <span class='ocrx_word' id='word_1_321' title='bbox 791 4277 817 4328; x_wconf 92' lang='lat' dir='ltr'>in</span> <span class='ocrx_word' id='word_1_322' title='bbox 833 4275 919 4340; x_wconf 85' lang='lat' dir='ltr'>India,</span> <span class='ocrx_word' id='word_1_323' title='bbox 932 4275 986 4328; x_wconf 89' lang='lat' dir='ltr'>and</span> <span class='ocrx_word' id='word_1_324' title='bbox 1001 4274 1121 4341; x_wconf 82' lang='lat' dir='ltr'>brought</span> <span class='ocrx_word' id='word_1_325' title='bbox 1138 4275 1174 4342; x_wconf 87' lang='lat' dir='ltr'>by</span> <span class='ocrx_word' id='word_1_326' title='bbox 1187 4273 1235 4326; x_wconf 89' lang='lat' dir='ltr'>the</span> <span class='ocrx_word' id='word_1_327' title='bbox 1251 4274 1383 4326; x_wconf 77' lang='lat' dir='ltr'>Saracena</span> <span class='ocrx_word' id='word_1_328' title='bbox 1397 4271 1471 4325; x_wconf 80' lang='lat' dir='ltr'>imm</span> 
     </span>
     <span class='ocr_line' id='line_1_39' title="bbox 318 4355 1472 4427; baseline -0.003 -15"><span class='ocrx_word' id='word_1_329' title='bbox 318 4359 411 4414; x_wconf 78' lang='lat' dir='ltr'>Africa</span> <span class='ocrx_word' id='word_1_330' title='bbox 422 4369 453 4413; x_wconf 92' lang='lat' dir='ltr'>to</span> <span class='ocrx_word' id='word_1_331' title='bbox 465 4360 513 4414; x_wconf 88' lang='lat' dir='ltr'>the</span> <span class='ocrx_word' id='word_1_332' title='bbox 527 4359 694 4427; x_wconf 86' lang='lat' dir='ltr'>Europeans,</span> <span class='ocrx_word' id='word_1_333' title='bbox 708 4359 772 4411; x_wconf 87' lang='lat' dir='ltr'>who</span> <span class='ocrx_word' id='word_1_334' title='bbox 784 4359 911 4410; x_wconf 87' lang='lat' dir='ltr'>however</span> <span class='ocrx_word' id='word_1_335' title='bbox 924 4357 1065 4424; x_wconf 82' lang='lat' dir='ltr'>improved</span> <span class='ocrx_word' id='word_1_336' title='bbox 1082 4357 1130 4410; x_wconf 91' lang='lat' dir='ltr'>the</span> <span class='ocrx_word' id='word_1_337' title='bbox 1142 4356 1317 4426; x_wconf 81' lang='lat' dir='ltr'>preparation</span> <span class='ocrx_word' id='word_1_338' title='bbox 1329 4355 1361 4408; x_wconf 81' lang='lat' dir='ltr'>of</span> <span class='ocrx_word' id='word_1_339' title='bbox 1373 4356 1403 4420; x_wconf 83' lang='lat' dir='ltr'>it,</span> <span class='ocrx_word' id='word_1_340' title='bbox 1416 4355 1472 4408; x_wconf 88' lang='lat' dir='ltr'>and</span> 
     </span>
     <span class='ocr_line' id='line_1_40' title="bbox 318 4437 1476 4511; baseline -0.004 -15"><span class='ocrx_word' id='word_1_341' title='bbox 318 4441 403 4496; x_wconf 81' lang='lat' dir='ltr'>found</span> <span class='ocrx_word' id='word_1_342' title='bbox 421 4451 470 4496; x_wconf 93' lang='lat' dir='ltr'>out</span> <span class='ocrx_word' id='word_1_343' title='bbox 489 4442 615 4496; x_wconf 82' lang='lat' dir='ltr'>different</span> <span class='ocrx_word' id='word_1_344' title='bbox 634 4459 706 4511; x_wconf 85' lang='lat' dir='ltr'>ways</span> <span class='ocrx_word' id='word_1_345' title='bbox 726 4441 758 4494; x_wconf 84' lang='lat' dir='ltr'>oi</span> <span class='ocrx_word' id='word_1_346' title='bbox 774 4441 929 4510; x_wconf 81' lang='lat' dir='ltr'>employing</span> <span class='ocrx_word' id='word_1_347' title='bbox 950 4442 973 4494; x_wconf 91' lang='lat' dir='ltr'>it</span> <span class='ocrx_word' id='word_1_348' title='bbox 993 4441 1020 4494; x_wconf 91' lang='lat' dir='ltr'>in</span> <span class='ocrx_word' id='word_1_349' title='bbox 1040 4441 1113 4494; x_wconf 66' lang='lat' dir='ltr'>war!</span> <span class='ocrx_word' id='word_1_350' title='bbox 1149 4439 1230 4493; x_wconf 85' lang='lat' dir='ltr'>‘The</span> <span class='ocrx_word' id='word_1_351' title='bbox 1249 4440 1425 4508; x_wconf 81' lang='lat' dir='ltr'>preparation</span> <span class='ocrx_word' id='word_1_352' title='bbox 1441 4437 1476 4491; x_wconf 78' lang='lat' dir='ltr'>of</span> 
     </span>
     <span class='ocr_line' id='line_1_41' title="bbox 318 4523 1473 4593; baseline 0.001 -19"><span class='ocrx_word' id='word_1_353' title='bbox 318 4524 503 4592; x_wconf 78' lang='lat' dir='ltr'>gunpowder,&#39;</span> <span class='ocrx_word' id='word_1_354' title='bbox 522 4525 557 4579; x_wconf 90' lang='lat' dir='ltr'>he</span> <span class='ocrx_word' id='word_1_355' title='bbox 568 4525 669 4592; x_wconf 83' lang='lat' dir='ltr'>thinks,</span> <span class='ocrx_word' id='word_1_356' title='bbox 687 4525 816 4578; x_wconf 83' lang='lat' dir='ltr'>‘became</span> <span class='ocrx_word' id='word_1_357' title='bbox 835 4525 936 4577; x_wconf 83' lang='lat' dir='ltr'>known</span> <span class='ocrx_word' id='word_1_358' title='bbox 954 4525 982 4577; x_wconf 95' lang='lat' dir='ltr'>in</span> <span class='ocrx_word' id='word_1_359' title='bbox 996 4525 1106 4593; x_wconf 86' lang='lat' dir='ltr'>Europe</span> <span class='ocrx_word' id='word_1_360' title='bbox 1123 4525 1150 4577; x_wconf 89' lang='lat' dir='ltr'>in</span> <span class='ocrx_word' id='word_1_361' title='bbox 1169 4524 1218 4577; x_wconf 91' lang='lat' dir='ltr'>the</span> <span class='ocrx_word' id='word_1_362' title='bbox 1236 4523 1389 4577; x_wconf 84' lang='lat' dir='ltr'>thirteenth</span> <span class='ocrx_word' id='word_1_363' title='bbox 1404 4538 1473 4575; x_wconf 75' lang='lat' dir='ltr'>cem</span> 
     </span>
    </p>
   </div>
   <div class='ocr_carea' id='block_1_7' title="bbox 0 0 1673 5110">
    <p class='ocr_par' dir='ltr' id='par_1_9' title="bbox 0 0 1673 5110">
     <span class='ocr_line' id='line_1_42' title="bbox 0 0 1673 5110; baseline 0 0"><span class='ocrx_word' id='word_1_364' title='bbox 0 0 1673 5110; x_wconf 95' lang='lat' dir='ltr'> </span> 
     </span>
    </p>
   </div>
  </div>
 </body>
</html>
