3346 5104
313 421 375 488 172
486 405 490 414 '
657 416 932 473 Drsrnmurro
957 417 1116 477 OPERIS.

311 587 396 646 sunt.
439 580 560 665 Neque
579 580 656 646 huic
676 579 780 646 labori
801 591 835 647 et
849 581 1053 664 inquisitioni
1068 603 1107 648 ac
1126 583 1313 648 mundanae
1333 603 1461 667 peram-

311 683 480 763 bulationi,
504 684 571 748 ulla
595 685 717 769 ingenii
742 693 800 750 aut
831 687 1056 750 meditationis
1084 695 1142 751 aut
1167 688 1463 770 argumentationis

311 787 502 852 substitutio
528 796 586 852 aut
610 789 837 871 compensatio
863 789 1012 852 sufficere
1038 797 1168 872 potest3
1201 811 1267 853 non
1298 790 1325 853 si
1352 790 1463 853 omnia

313 891 461 954 omnium
477 892 609 973 ingenia
624 891 770 956 coierint.
815 891 933 973 Itaque
951 900 1009 956 aut
1027 892 1090 956 hoc
1111 913 1244 975 prorsus
1261 893 1463 967 habendum,

306 1002 372 1056 aut
401 995 571 1075 negotium
603 995 636 1060 in
670 1005 866 1078 perpetuum
897 997 1126 1061 deserendum.
1179 996 1239 1061 Ad
1269 996 1357 1062 hunc
1385 1017 1464 1060 vero

313 1117 417 1179 usque
436 1098 524 1160 diem
547 1098 595 1161 ita
616 1119 691 1162 cum
714 1099 904 1162 hominibus
926 1109 1037 1164 actum
1060 1107 1119 1179 est,
1135 1108 1173 1164 ut
1191 1101 1327 1166 minime
1345 1100 1463 1164 mirum

312 1200 354 1262 sit
370 1200 396 1264 si
413 1208 529 1264 natura
545 1201 595 1264 sui
611 1203 740 1284 copiam
757 1222 823 1265 non
838 1203 947 1268 faciat.
1351 1283 1352 1288 ἵ

358 1303 446 1367 Nam
467 1305 582 1387 primo,
599 1324 714 1368 sensus
729 1306 831 1388 ipsius
847 1305 1042 1384 informatio,
1059 1315 1092 1371 et
1108 1307 1262 1371 deserens
1277 1316 1311 1371 et
1325 1306 1463 1386 fallens3

312 1408 507 1486 observatio,
522 1407 697 1492 indiligens
720 1419 754 1472 et
776 1411 957 1492 inaequalis
979 1420 1013 1474 et
1034 1420 1194 1493 tanquam
1217 1411 1371 1489 fortuita3
1398 1419 1464 1476 tra·

311 1510 403 1588 ditio,
417 1532 503 1575 vana
525 1522 558 1576 et
582 1532 626 1575 ex
648 1532 800 1592 rumore;
826 1514 979 1596 practica,
998 1514 1089 1596 operi
1112 1515 1240 1578 intenta
1263 1524 1297 1578 et
1319 1513 1464 1592 servilis3

311 1615 360 1678 vis
375 1615 652 1698 experimentalis,
665 1636 771 1696 caeca,
786 1618 928 1700 stupida,
940 1637 1035 1699 vaga,
1051 1627 1085 1681 et
1100 1627 1296 1700 praerupta3
1319 1617 1464 1699 denique

311 1717 447 1782 historia
465 1719 630 1793 naturalis,
647 1719 728 1783 levis
748 1729 782 1784 et
801 1721 906 1803 inops,
921 1720 1165 1784 vitiosissimam
1181 1720 1354 1785 materiam
1370 1720 1465 1786 intel·

308 1821 411 1886 ,lectui
427 1823 469 1886 ad
485 1821 728 1904 philosophiam
744 1833 778 1887 et
793 1823 946 1887 scientias
961 1832 1204 1907 congesserunt.

356 1926 496 2004 Deinde,
518 1935 729 2009 praepostera
758 1927 1009 2011 argumentandi
1039 1926 1205 1990 subtilitas
1234 1936 1268 1990 et
1292 1926 1464 1993 ventilatio

313 2049 422 2093 serum
439 2031 534 2094 rebus
549 2031 648 2112 plane
663 2031 844 2114 desperatis
857 2039 1004 2095 tentatur
1018 2030 1208 2108 remedium,
1222 2050 1281 2094 nec
1293 2031 1463 2112 negotium

314 2133 381 2197 ullo
405 2134 505 2198 modo
528 2134 671 2198 restituit
700 2145 759 2198 aut
788 2154 910 2198 errores
940 2141 1082 2218 separat.
1138 2133 1256 2215 Itaque
1278 2132 1368 2198 nulla
1388 2153 1465 2216 spes

314 2237 446 2320 majoris
467 2239 637 2321 augmenti
655 2241 694 2304 ac'
714 2258 906 2321 progressus
925 2239 989 2302 sita
1010 2245 1069 2316 est,
1088 2235 1150 2300 nisi
1171 2235 1206 2300 in
1229 2237 1464 2302 restauratione

312 2343 458 2424 quadam
474 2343 693 2407 scientiarum.

357 2445 467 2527 Hujus
489 2455 601 2510 autem
620 2445 758 2510 exordia
780 2446 915 2510 omnino
937 2467 958 2510 a
981 2444 1122 2509 naturali
1144 2442 1281 2508 historia
1303 2444 1464 2509 sumenda

312 2557 398 2623 sunt,
416 2569 520 2632 eaque
536 2550 607 2633 ipsa
623 2550 699 2614 novi
718 2547 891 2631 cujusdam
906 2550 1036 2632 generis
1051 2559 1085 2614 et
1099 2559 1285 2632 apparatus.
1331 2547 1466 2612 Frustra

313 2652 401 2716 enim
424 2652 519 2717 suerit
542 2651 713 2736 speculum
736 2653 893 2735 expolire,
916 2653 943 2716 si
965 2653 1076 2717 desint
1098 2652 1278 2735 imagines3
1309 2661 1344 2716 et
1366 2650 1465 2734 plane

313 2755 450 2819 materia
466 2756 584 2820 idonea
596 2756 824 2839 praeparanda
836 2766 887 2822 est
903 2755 1091 2831 intellectui,
1105 2776 1171 2820 non
1183 2755 1290 2819 solum
1303 2755 1465 2838 praesidia

311 2857 380 2922 fida
393 2861 625 2942 comparanda.
670 2860 791 2924 Differt
811 2880 890 2924 vero
910 2879 1020 2922 rursus
1042 2859 1179 2923 historia
1201 2868 1314 2924 nostra
1336 2855 1465 2943 (quem-

312 2961 493 3026 admodum
521 2963 627 3044 logica
653 2959 779 3045 nostra)
800 2963 843 3026 ab
867 2983 905 3026 ea
929 2982 1014 3044 quae
1041 2961 1190 3040 habetur,
1213 2961 1325 3026 multis
1349 2961 1464 3025 rebus:

312 3064 378 3128 fine
400 3065 468 3130 sive
488 3066 603 3144 officio,
620 3067 691 3149 ipsa
713 3064 800 3130 mole
820 3075 854 3130 et
876 3065 1036 3148 congerie,
1053 3065 1129 3129 dein
1150 3064 1344 3140 subtilitate,
1363 3064 1465 3128 etiarn

312 3168 441 3232 delectu
458 3177 491 3232 et
506 3168 739 3252 constitutione
754 3168 787 3232 in
802 3169 917 3232 ordine
932 3168 974 3232 ad
993 3189 1032 3232 ea
1047 3188 1132 3250 quae
1146 3176 1335 3250 sequuntur.

356 3270 467 3334 Primo
483 3271 569 3334 enim
586 3291 659 3335 eam
676 3271 891 3354 proponimus
905 3271 1077 3334 historiam
1092 3271 1285 3351 naturalem,
1297 3291 1383 3354 quae
1398 3291 1465 3334 non

312 3382 382 3437 tam
398 3383 456 3437 aut
468 3394 576 3438 rerum
588 3375 747 3439 varietate
761 3374 906 3439 delectet
916 3381 974 3437 aut
987 3373 1150 3456 praesenti
1164 3373 1466 3456 experimentorum

311 3477 419 3541 fructu
441 3476 544 3559 juvet,
566 3495 666 3559 quam
698 3477 805 3542 lucem
837 3476 1018 3541 inventioni
1049 3496 1220 3540 causarum
1251 3477 1409 3554 affundat,
1432 3485 1466 3544 et

313 3580 541 3664 philosophiae
555 3581 788 3646 enutricandae
803 3582 944 3664 primam
962 3600 1142 3645 mammam
1158 3581 1324 3663 praebeat.
1369 3580 1466 3648 Licet

313 3682 402 3748 enim
425 3705 527 3766 opera
548 3694 650 3767 atque
671 3685 813 3748 activam
834 3684 1043 3748 scientiarum
1064 3694 1193 3766 partem
1216 3685 1392 3767 praecipue
1416 3703 1466 3750 se-

313 3807 461 3869 quamur‚
484 3795 596 3850 tamen
625 3787 739 3852 messis
765 3796 897 3869 tempus
924 3795 1150 3870 expectamus,
1170 3807 1230 3852 nec
1254 3807 1405 3852 muscum
1431 3796 1466 3852 et

312 3899 459 3974 segetem
490 3888 661 3954 herbidam
688 3893 855 3955 demetere
884 3910 1052 3954 conamur.
1109 3889 1198 3955 Satis
1221 3891 1309 3954 enim
1335 3892 1466 3970 scimus,

311 3995 483 4057 axiomata
507 4002 595 4057 recte
619 3993 753 4058 inventa
779 4001 850 4057 tota
874 3993 1008 4075 agmina
1031 4014 1169 4076 operum
1189 4013 1302 4059 secum
1327 3993 1465 4072 trahere,

311 4104 413 4180 atque
439 4116 540 4179 opera
569 4115 635 4160 non
665 4096 804 4178 sparsim
828 4097 886 4160 sed
915 4095 1087 4160 confertim
1118 4095 1285 4161 exhibere.
1341 4096 1467 4161 Intem-

311 4201 477 4281 pestivum
492 4208 605 4264 autem
626 4197 717 4261 illum
739 4208 773 4263 et
793 4198 952 4280 puerilem
968 4199 1133 4275 affectum,
1150 4209 1186 4264 ut
1201 4200 1340 4282 pignora
1354 4199 1466 4282 aliqua

312 4323 470 4367 novorum
499 4321 637 4386 operum
664 4320 803 4384 propere
833 4309 1016 4383 captentur,
1041 4322 1175 4384 prorsus
1204 4302 1403 4366 damnamus
1432 4313 1468 4367 et

312 4426 513 4484 amovemus,
544 4425 603 4470 ceu
640 4425 778 4488 pomum
807 4404 990 4470 Atalantae
1019 4407 1109 4488 quod
1146 4426 1278 4471 cursum
1310 4407 1466 4473 retardat.

312 4506 427 4592 Atque
444 4509 613 4574 Historiae
629 4518 761 4574 nostrae
776 4507 944 4574 Naturalis
960 4508 1103 4574 officium
1119 4510 1187 4575 tale
1202 4518 1261 4578 est.
