3306 5102
667 411 824 467 NOVUM
845 409 1065 468 ORGANUM.

376 586 411 641 et
428 574 556 654 ventis;
580 574 623 640 de
637 596 704 658 quo
722 575 799 639 vide
820 575 960 639 Instant.
977 591 1029 658 29.
1045 573 1128 638 Tab.
1145 592 1176 658 3.
1221 571 1338 656 Atque
1353 571 1442 637 simi·

377 682 452 745 liter
474 681 508 743 in
530 678 603 744 aliis
626 679 732 744 modis
756 687 874 758 motus,
890 681 932 744 de
952 679 1070 761 quibus
1088 679 1164 744 vide
1184 679 1324 744 Instant.
1341 675 1393 742 28.
1408 685 1443 741 et

377 803 429 870 31.
453 784 536 850 Tab.
559 803 587 868 3.
634 785 761 848 Rursus
786 783 974 848 ostenditur
1003 783 1036 846 in
1066 784 1271 848 extinctione
1297 782 1382 866 ignis
1408 791 1443 846 et

375 890 493 954 caloris
515 909 574 971 per
596 908 731 953 omnem
753 888 873 952 sortem
896 889 1183 971 compressionem,
1205 909 1291 971 quae
1313 887 1442 951 fraenat

376 1003 409 1058 et
433 1013 559 1058 cessare
582 992 660 1056 facit
683 1002 831 1070 motum;
855 994 898 1057 de
919 1013 986 1075 qua
1007 994 1084 1057 vide
1107 993 1245 1058 Instant
1267 1009 1319 1076 30.
1335 1001 1368 1056 et
1388 1007 1440 1074 32.

376 1097 459 1162 Tab.
488 1115 518 1180 3.
564 1095 760 1162 Ostenditur
789 1097 891 1160 etiam
921 1097 955 1158 in
981 1095 1053 1174 hoc,
1079 1096 1170 1178 quod
1196 1117 1295 1160 omne
1323 1115 1441 1178 corpus

374 1202 553 1267 destruitur
576 1209 633 1264 aut
660 1200 780 1264 saltem
807 1200 978 1282 insigniter
1000 1201 1159 1264 alteratur
1181 1201 1223 1265 ab
1249 1200 1341 1264 omni
1363 1199 1440 1280 igne

376 1316 410 1370 et
433 1305 540 1370 calore
559 1303 635 1369 sorti
658 1326 697 1369 ac
718 1304 927 1385 vehementi;
951 1305 1040 1368 unde
1063 1304 1188 1387 liquido
1210 1312 1348 1381 constat,
1371 1302 1440 1365 fieri

374 1431 395 1474 a
421 1409 529 1473 calore
547 1409 728 1473 tumultum
750 1418 784 1473 et
806 1408 1088 1492 perturbationem
1115 1418 1149 1473 et
1175 1417 1304 1472 motum
1330 1426 1439 1470 acrem

375 1515 409 1578 in
429 1514 577 1595 partibus
601 1514 736 1578 internis
759 1515 912 1597 corporis,
929 1513 985 1596 qui
1003 1513 1125 1578 sensim
1145 1512 1251 1595 vergit
1271 1511 1315 1576 ad
1335 1511 1440 1576 disso-

375 1620 535 1683 lutionem
545 1619 579 1684 ⁹⁹.

332 1825 539 1908 Intelligatur
552 1823 616 1889 hoc
631 1827 721 1909 quod
737 1824 884 1890 diximus
899 1826 942 1890 de
958 1836 1051 1890 motu
1066 1824 1210 1911 (nempe,
1227 1833 1263 1890 ut
1278 1825 1321 1889 sit
1336 1823 1440 1888 instar

287 1933 416 2018 generis
432 1931 474 1994 ad
491 1926 657 2016 calorem),
674 1951 739 1995 non
755 1930 845 2012 quod
867 1929 955 1995 calor
969 1940 1104 2012 generet
1123 1940 1260 2008 motum,
1275 1937 1333 1993 aut
1348 1927 1440 2010 quod

288 2047 399 2102 motus
414 2044 549 2118 generet
571 2033 711 2099 calorem
729 2031 820 2120 (licet
841 2044 874 2099 et
894 2034 977 2098 haec
998 2034 1032 2097 in
1053 2032 1237 2118 aliquibus¹
1251 2055 1328 2098 vera
1348 2028 1438 2117 sint),

287 2144 346 2207 sed
367 2141 457 2223 quod
478 2139 660 2222 ipsissimus
681 2139 777 2218 calor,
793 2140 861 2204 slve
880 2139 964 2222 quid
980 2139 1106 2221 ipsum²
1125 2139 1248 2217 caloris,
1266 2139 1308 2201 sit
1329 2145 1440 2200 motus

287 2256 323 2310 et
341 2245 421 2310 nihil
437 2244 525 2309 aliud
539 2269 547 2323 ;
572 2243 730 2308 limitatus
746 2253 859 2308 tamen
874 2265 933 2327 per
947 2243 1150 2325 differentias
1164 2265 1247 2326 quas
1262 2261 1344 2306 mox
1359 2241 1438 2304 sub-

284 2351 470 2434 jungemus,
486 2357 663 2431 postquam
685 2346 859 2411 nonnullas
881 2348 1050 2412 cautiones
1071 2347 1287 2430 adjecerimus
1309 2345 1352 2409 ad
1372 2343 1439 2408 evi·

287 2454 429 2518 tandum
451 2451 676 2533 aequivocum.

333 2555 488 2621 Calidum
515 2556 558 2618 ad
585 2554 740 2619 sensum³
767 2574 818 2618 res
844 2553 1025 2637 respectiva
1052 2565 1111 2630 est,
1139 2564 1172 2619 et
1198 2555 1231 2618 in
1256 2552 1372 2617 ordine
1394 2551 1437 2616 ad

286 2663 455 2726 hominem
486 2679 552 2723 non
583 2660 626 2722 ad
657 2658 863 2737 universum;
898 2669 931 2723 et
962 2658 1095 2742 ponitur
1123 2667 1212 2724 recte
1238 2667 1275 2721 ut
1302 2656 1438 2721 effectus

287 2766 404 2831 caloris
425 2773 555 2828 tantum
576 2763 609 2826 in
630 2763 781 2844 spiritum
804 2763 990 2827 animalem.
1036 2762 1126 2846 Quin
1150 2763 1251 2826 etiam
1274 2761 1307 2824 In
1330 2761 1440 2842 selpso

288 2891 339 2934 res
361 2869 451 2932 varia
470 2876 529 2946 est,
550 2887 626 2931 cum
647 2867 737 2930 idem
757 2887 874 2949 corpus
895 2863 1006 2952 (prout
1027 2888 1142 2931 sensus
1162 2860 1441 2950 praedisponitur)

287 2974 422 3037 inducat
444 2972 692 3054 perceptionem
714 2979 783 3033 tam
807 2970 903 3033 calidi
926 2990 1027 3053 quam
1049 2969 1157 3054 frigidi
1169 2997 1178 3051 ;
1206 2977 1242 3034 ut
1264 2977 1358 3053 patet
1381 2986 1441 3050 per

288 3079 428 3141 Instant.
443 3094 497 3154 41.
513 3076 597 3140 Tab.
615 3095 644 3160 3.

332 3182 452 3262 Neque
471 3200 550 3246 vero
573 3177 829 3244 communicatio
852 3179 978 3256 caloris,
998 3179 1066 3245 sive
1089 3187 1206 3244 natura
1229 3176 1299 3260 ejus
1321 3175 1440 3241 transi-

286 3284 355 3348 tiva
370 3303 544 3366 perquam
560 3302 678 3366 corpus
699 3284 872 3347 admotum
886 3283 1022 3366 corpori
1042 3282 1150 3348 calido
1169 3280 1344 3358 incalescit,
1361 3297 1439 3344 con·

287 3382 382 3448 fundi
412 3385 513 3448 debet
543 3404 617 3448 cum
645 3382 751 3448 forma
781 3385 877 3450 calidi
887 3383 911 3448 ⁴.
956 3384 1062 3450 Aliud
1088 3387 1177 3450 enim
1207 3395 1257 3449 est
1284 3383 1438 3458 calidum,

322 3602 344 3637 ⁹⁰
363 3604 434 3658 This
446 3605 469 3656 is
481 3604 542 3657 well
559 3604 614 3658 aud
630 3605 768 3674 correctly
785 3604 883 3670 stated,
896 3604 1001 3672 though
1019 3603 1113 3658 Bacon
1132 3605 1178 3658 did
1197 3610 1247 3658 not
1266 3605 1348 3659 know
1365 3604 1440 3660 what

287 3691 418 3744 becomes
430 3687 462 3741 of
473 3688 521 3741 the
533 3694 609 3756 parts
621 3687 654 3741 of
662 3688 711 3742 the
724 3687 806 3757 body,
819 3704 855 3741 on
869 3689 877 3716 ‘
884 3687 1064 3742 dissolution'

191 3773 194 3780 ’
293 3763 297 3770 ’
325 3772 334 3804 ¹
355 3774 431 3828 Heat
444 3774 498 3826 aud
514 3773 621 3826 motion
639 3788 686 3826 are
701 3779 751 3826 not
767 3773 832 3842 only
844 3772 1033 3842 occasionally,
1046 3771 1096 3825 but
1111 3771 1258 3841 invariably
1271 3771 1442 3827 convertible

288 3873 322 3912 or
333 3857 445 3926 capable
457 3856 490 3910 of
498 3857 606 3926 passIng
618 3857 677 3910 luto
689 3857 756 3910 each
769 3856 860 3910 other.

325 3939 336 3971 ²
353 3942 383 3995 τὸ
395 3941 421 3994 τί
432 3941 500 3996 ἐστι.
538 3940 624 4005 Here,
638 3939 670 3992 of
684 3955 789 4006 course,
806 3939 879 3993 form
899 3939 922 3992 is
940 3939 1008 3992 used
1025 3939 1233 4008 unequivocally
1247 3937 1291 3991 for
1310 3938 1440 3992 ‘nature'

289 4041 322 4079 or
335 4025 481 4078 ‘essence’
513 4025 563 4094 Cp.
575 4025 625 4080 the
638 4023 809 4092 expressIons
820 4023 925 4077 below:
945 4023 1131 4076 ‘differentias
1143 4039 1227 4090 veras,
1240 4038 1311 4092 quae
1324 4022 1441 4076 limitant

289 4115 406 4175 motum,
419 4115 448 4162 et
465 4110 637 4162 constituunt
654 4125 717 4162 eum
734 4109 762 4160 iu
780 4107 898 4161 formam
916 4107 1023 4175 calidi3'
1043 4106 1148 4162 ‘forma
1164 4108 1221 4161 sive
1235 4107 1358 4161 definitio
1377 4123 1442 4162 vera

287 4193 403 4247 caloris!
680 4193 681 4196 ’

325 4274 336 4306 ⁸
356 4275 497 4328 ‘Calidum
510 4275 544 4328 ad
556 4274 684 4328 sensum’
697 4274 719 4328 is
735 4275 802 4329 here
814 4276 937 4343 opposed
951 4280 983 4328 to
1000 4274 1107 4341 ‘calor‚’
1120 4275 1167 4328 the
1183 4274 1289 4329 former
1306 4275 1388 4342 beiug
1406 4291 1441 4328 an

289 4359 418 4415 affection
430 4357 462 4412 of
472 4375 524 4412 our
536 4359 681 4426 organism,
694 4359 742 4412 the
754 4359 837 4412 latter
848 4375 883 4412 an
896 4359 1025 4413 affectIon
1037 4357 1069 4412 of
1078 4357 1127 4412 the
1139 4358 1214 4428 body
1226 4357 1307 4414 itselI.

325 4445 335 4474 ⁴
355 4445 431 4502 Heat
444 4441 519 4496 itself
528 4443 550 4496 is
561 4443 674 4497 dIstInet
686 4442 759 4496 from
771 4443 806 4496 its
817 4443 985 4513 production
1002 4459 1035 4496 or
1051 4443 1293 4498 communicatIon.
1330 4440 1400 4496 'Ibis
1419 4443 1442 4496 is

288 4527 323 4582 all
335 4527 396 4581 tbat
409 4526 502 4580 Bacon
514 4542 602 4582 seems
614 4532 645 4581 to
658 4543 748 4584 mean.
