3308 5106
537 1157 1026 1256 SERENISSIMO

431 1363 1129 1472 uornnrrssrnoous

471 1555 714 1645 PRINCIPI
753 1554 824 1629 Ac
862 1555 1092 1629 DOMINO

675 1733 883 1812 NOSTRO‚

596 1894 953 2002 JACOBO,

628 2089 712 2152 DEI
743 2088 931 2154 GRATIA

419 2252 683 2318 MAGNAE
731 2253 1139 2332 BRITANNIAE,

517 2415 683 2493 Franciae‚
701 2426 734 2480 et
751 2416 932 2480 Hiberniae
948 2417 1043 2502 Regi,

592 2579 619 2642 F
622 2593 701 2642 IDEI
716 2578 899 2660 Defensori,
913 2589 967 2644 etc.

200 2879 414 2942 Serenissime
433 2879 719 2961 potentissimeque
740 2881 820 2958 Rex,

246 3009 412 3072 POTERIT
441 3008 581 3072 fortasse
612 3009 772 3092 Majestas
799 3020 857 3074 tua
889 3031 941 3074 me
970 3010 1046 3073 furti
1077 3009 1232 3086 incusare,
1263 3009 1353 3092 quod

199 3121 332 3176 tantum
348 3112 506 3192 temporis
524 3123 684 3194 quantum
701 3114 743 3177 ad
760 3113 842 3178 haec
857 3114 996 3178 sufficiat
1013 3115 1154 3196 negotiis
1172 3113 1237 3177 tuis
1253 3113 1353 3176 suffu-

201 3225 291 3279 ratus
309 3217 381 3280 sim.
427 3216 504 3279 Non
522 3215 630 3279 habeo
650 3218 739 3299 quod
764 3218 882 3282 dicam.
928 3217 1103 3299 Temporis
1122 3218 1209 3280 enim
1231 3236 1296 3280 non
1316 3214 1354 3279 fit

200 3319 381 3396 restituti03
406 3319 467 3382 nisi
483 3319 567 3382 sone
581 3321 671 3402 quod
687 3320 871 3383 detractum
887 3321 983 3384 luerit
999 3320 1157 3403 temporis
1173 3319 1269 3382 rebus
1281 3320 1354 3396 tuis

200 3424 233 3486 id
253 3423 430 3486 memoriae
446 3423 587 3485 nominis
602 3424 649 3485 tui
666 3433 699 3486 et
715 3422 831 3487 honori
850 3423 970 3488 saeculi
987 3425 1035 3487 tui
1051 3424 1164 3506 reponi
1179 3423 1302 3504 possit3
1326 3423 1353 3484 si

202 3527 303 3589 modo
332 3525 415 3589 haec
441 3524 579 3606 alicujus
605 3527 671 3589 sint
701 3526 805 3609 pretii.
862 3525 948 3591 Sunt
975 3537 1064 3592 certe
1090 3547 1222 3609 prorsus
1249 3546 1353 3604 nova;

201 3629 302 3693 etiam
324 3639 397 3694 toto
419 3650 557 3712 genere:
581 3631 639 3694 sed
663 3631 828 3713 descripta
850 3652 894 3694 ex
912 3633 1014 3695 veteri
1037 3631 1218 3695 admodum
1240 3649 1354 3691 exem-

200 3732 292 3816 plari,
315 3733 440 3796 mundo
464 3733 588 3797 scilicet
611 3733 691 3816 ipso,
714 3743 748 3797 et
774 3744 890 3797 natura
915 3754 1022 3797 rerum
1046 3744 1081 3798 et
1104 3735 1231 3797 mentis.
1278 3732 1354 3814 Ipse

200 3845 290 3899 certe
308 3832 359 3920 (ut
380 3837 522 3918 ingenue
541 3834 659 3921 fatear)
674 3836 765 3900 soleo
787 3839 962 3900 aestimare
982 3836 1045 3901 hoc
1067 3857 1151 3918 opus
1169 3835 1275 3917 magis
1293 3855 1354 3916 pro

200 3949 297 4022 partu
321 3940 480 4022 temporis
502 3959 602 4021 quarn
625 3939 756 4022 ingenii.
802 3939 890 4002 Illud
914 3939 1000 4002 enirn
1025 3939 1058 4002 in
1082 3960 1121 4002 eo
1143 3937 1354 4002 solummodo

200 4043 350 4108 mirabile
373 4054 432 4121 est,
451 4044 543 4106 initia
565 4043 610 4106 rei
634 4053 667 4107 et
689 4051 800 4106 tantas
823 4044 865 4106 de
888 4043 927 4105 iis
949 4063 1034 4124 quae
1056 4042 1261 4106 invaluerunt
1283 4061 1354 4104 sus·

199 4147 347 4228 pieiones
369 4147 466 4211 alicui
489 4148 522 4210 in
545 4157 691 4210 mentem
710 4147 820 4210 venire
843 4147 998 4229 potuisse.
1044 4146 1184 4211 Caetera
1207 4166 1273 4208 non
1292 4146 1354 4209 illi-

197 4251 316 4314 benter
327 4261 518 4333 sequuntur.
563 4249 613 4313 At
624 4258 773 4314 versatur
781 4249 998 4332 proculdubio
1010 4270 1104 4314 casus
1113 4246 1164 4334 (ut
1176 4247 1354 4332 loquimur)

197 4363 233 4418 et
257 4354 417 4436 quiddam
440 4355 533 4437 quasi
559 4353 730 4417 fortuitum
752 4372 818 4416 non
846 4353 954 4416 minus
977 4354 1010 4416 in
1036 4353 1075 4418 iis
1099 4374 1184 4436 quae
1207 4353 1353 4433 cogitant

197 4458 351 4522 homines
366 4479 467 4541 quarn
483 4458 516 4521 in
538 4457 577 4520 iis
592 4478 678 4539 quae
696 4466 800 4538 agunt
820 4466 877 4520 aut
893 4456 1078 4539 loquuntur.
1121 4456 1246 4521 Verum
1266 4455 1354 4520 hune

199 4581 314 4626 casum
330 4559 387 4648 (de
406 4583 473 4646 quo
494 4558 625 4647 loquor)
641 4561 688 4625 ita
703 4559 840 4643 intelligi
855 4559 939 4641 volo,
958 4570 995 4626 ut
1015 4562 1043 4625 si
1059 4561 1138 4646 quid
1155 4561 1188 4624 in
1204 4557 1255 4623 his
1270 4581 1355 4642 quae
