3306 5102
1263 455 1328 524 445

175 611 326 678 similiter
354 612 496 693 vitrum3
534 611 635 678 etiarn
665 633 752 696 aqua
782 621 894 697 potest
926 609 1112 688 consistere,
1143 632 1219 676 cum
1248 632 1327 676 con-

174 715 352 797 glaciatur:
384 727 420 782 at
443 717 647 800 impossibile
673 725 723 780 est
749 726 786 784 ut
811 723 867 780 atr
897 735 1044 798 unquam
1074 717 1241 794 consistat,
1268 725 1326 780 aut

174 830 276 884 exuat
292 820 429 884 fluorem
439 817 476 884 ³⁴.

216 922 342 986 Verum
354 924 397 988 de
409 923 577 988 instantiis
587 921 777 1004 hujusmodi
784 923 1039 1004 propositionum
1046 920 1198 1005 fixarum
1214 943 1326 1005 super-

173 1035 251 1090 sunt
266 1027 333 1090 duo
350 1027 485 1102 monita,
498 1047 583 1108 quae
599 1025 693 1090 utilia
708 1034 784 1089 sunt
800 1028 842 1090 ad
860 1025 894 1089 id
909 1027 998 1108 quod
1014 1026 1130 1106 agitur.
1169 1027 1325 1105 Primum,

174 1137 211 1192 ut
226 1129 254 1192 si
275 1128 414 1194 desuerit
432 1128 531 1211 plane
552 1129 742 1193 universalis
762 1129 965 1213 affirmativo
986 1139 1044 1194 aut
1065 1132 1227 1211 negativo,
1243 1130 1323 1196 illud

175 1233 281 1313 ipsum
298 1233 473 1314 diligenter
488 1240 621 1296 notetur
634 1240 795 1314 tanquam
811 1231 1005 1311 non-ens³⁵;
1029 1234 1113 1296 sicut
1128 1233 1265 1297 fecimus
1281 1235 1324 1298 de

173 1334 291 1410 calido,
315 1336 371 1398 ubi
394 1335 584 1399 universalis
607 1336 760 1417 negativa
790 1333 967 1421 (quatenus
989 1337 1032 1399 ad
1056 1336 1146 1399 entia
1167 1356 1253 1419 quae
1279 1336 1323 1400 ad

174 1448 320 1502 nostram
344 1439 497 1504 notitiam
517 1436 739 1524 pervenerint)
760 1439 792 1502 in
812 1460 919 1502 rerum
938 1449 1055 1503 natura
1076 1440 1177 1503 deest.
1224 1439 1324 1504 Simi-

172 1541 255 1620 liter,
270 1542 298 1605 si
314 1551 430 1607 natura
445 1543 601 1625 inquisita
615 1543 658 1605 sit
674 1552 847 1606 aeternum
868 1553 926 1607 aut
949 1542 1204 1625 incorruptibile,
1226 1544 1321 1609 deest

171 1645 367 1709 affirmativa
382 1647 570 1710 universalis
593 1645 645 1710 hic
665 1646 755 1728 apud
779 1667 847 1711 nos.
892 1647 1011 1730 Neque
1033 1648 1120 1710 enim
1142 1647 1323 1728 praedicari

171 1758 283 1832 potest
300 1749 479 1814 Aeternum
501 1758 559 1813 aut
581 1749 830 1832 incorruptibile
852 1750 894 1815 de
916 1751 1026 1834 aliquo
1049 1771 1185 1832 corpore
1208 1771 1321 1814 eorum

172 1872 256 1934 quae
269 1853 351 1917 inira
364 1853 519 1918 coelestia
531 1862 617 1932 sunt,
630 1862 688 1916 aut
700 1872 798 1934 supra
811 1853 965 1918 interiora
976 1863 1082 1917 terrae
1092 1853 1127 1918 ³⁰.
1164 1853 1320 1917 Alterum

173 1959 335 2021 monitum
352 1968 413 2034 est,
431 1967 465 2022 ut
482 1956 759 2040 propositionibus
775 1958 1017 2032 universalibus,
1034 1967 1103 2021 tam
1118 1957 1323 2022 affirmativis

172 2081 272 2143 quam
295 2061 465 2143 negativis,
484 2061 526 2124 de
547 2060 660 2143 aliquo
683 2069 846 2135 concreto,
865 2060 1106 2143 subjungantur
1115 2059 1140 2099 ³⁷
1163 2060 1260 2124 simul
1283 2083 1322 2126 ea

207 2219 230 2251 ⁸⁴
247 2221 317 2275 This
329 2240 383 2276 was
395 2224 443 2277 the
456 2224 568 2292 opinion
586 2222 619 2277 oi
633 2222 765 2276 scientific
784 2239 847 2276 men
864 2238 932 2276 even
950 2222 1015 2290 long
1030 2222 1103 2276 after
1116 2223 1231 2276 Bacon⁹s
1243 2226 1320 2292 time,

172 2305 227 2358 and
239 2305 261 2358 it
274 2306 295 2358 is
306 2307 446 2374 repeated,
456 2307 559 2374 though
578 2306 606 2359 in
625 2305 719 2359 rather
730 2321 808 2359 more
828 2306 951 2359 cautious
969 2306 1108 2373 language,
1125 2307 1161 2375 by
1180 2307 1324 2362 Professor

172 2387 301 2457 Playtair.
337 2390 401 2457 But,
414 2407 443 2443 as
457 2390 552 2444 l-have
565 2389 674 2457 already
686 2390 798 2458 pointed
811 2395 870 2454 out,
881 2389 996 2458 analogy
1008 2390 1083 2443 leads
1101 2407 1132 2442 us
1145 2397 1176 2443 to
1188 2393 1321 2445 conclude

174 2471 234 2524 that
246 2473 280 2525 all
293 2473 423 2528 aeriform
435 2473 513 2527 fluids
523 2473 617 2540 admit,
628 2471 651 2525 if
660 2472 733 2525 their
745 2477 933 2540 temperature
941 2489 1014 2526 were
1022 2473 1183 2542 sufficiently
1191 2474 1321 2541 reduced,

173 2553 205 2607 of
219 2553 301 2624 being
319 2557 477 2622 converted,
491 2555 549 2609 lirst
567 2556 626 2609 into
643 2555 750 2624 liquids,
764 2554 819 2608 and
836 2555 902 2608 then
922 2555 981 2608 into
998 2555 1088 2608 solids.
1128 2556 1159 2607 ln
1178 2554 1243 2624 fact,
1259 2558 1280 2609 it
1300 2558 1321 2610 is

172 2654 234 2692 now
251 2640 343 2693 stated
360 2641 419 2693 that
437 2640 491 2692 this
509 2639 594 2692 result
612 2639 661 2692 has
679 2639 797 2707 actually
812 2638 886 2692 been
904 2638 1036 2692 achieved
1053 2655 1121 2692 even
1141 2639 1169 2692 in
1187 2639 1235 2692 the
1258 2656 1320 2694 case

171 2721 203 2776 oi
217 2739 334 2792 oxygen,
352 2723 502 2791 hydrogen‚
521 2723 576 2776 and
593 2723 728 2789 nitrogen.
767 2723 819 2775 See
838 2723 980 2791 Academy
998 2721 1031 2776 oi
1046 2723 1107 2792 Jan.
1128 2739 1169 2790 ra,
1191 2728 1269 2790 1878,
1287 2741 1320 2778 or

170 2804 275 2860 Nature
288 2805 321 2858 of
329 2807 390 2876 Jan.
406 2823 419 2871 3
433 2806 486 2858 and
503 2821 543 2870 ¹7·

205 2887 227 2919 ³⁵
246 2889 367 2956 Though
380 2890 525 2958 expressed
544 2889 571 2942 in
590 2887 734 2942 scholastic
750 2888 890 2956 language,
903 2888 951 2943 the
964 2890 1090 2957 meaning
1103 2888 1135 2942 oi
1144 2889 1197 2943 this
1209 2890 1320 2944 cantion

169 2973 192 3023 is
206 2971 286 3040 plain.
325 2973 353 3026 li
368 2989 410 3026 we
423 2988 470 3025 are
482 2972 582 3026 unable
594 2979 624 3026 to
637 2971 764 3025 establish
778 2987 812 3024 an
832 2972 965 3025 universal
984 2972 1142 3026 affirmative
1161 2990 1194 3026 or
1211 2989 1246 3026 an
1259 2974 1320 3027 uni·

170 3057 254 3108 versal
268 3056 401 3124 negative,
413 3056 461 3110 the
474 3072 551 3110 mere
563 3055 620 3110 fact
632 3054 665 3108 oi
673 3054 740 3109 such
753 3055 906 3123 incapacity
919 3055 941 3107 is
952 3055 1040 3107 worth
1054 3055 1102 3108 the
1115 3057 1219 3125 noting.

204 3135 225 3169 ’ὃ
245 3139 278 3192 ln
296 3139 344 3193 the
364 3141 521 3208 Descriptio
536 3140 618 3194 Globl
637 3139 834 3193 intellectualis
854 3137 899 3206 (E.
918 3138 973 3191 and
991 3139 1027 3204 8.,
1040 3138 1091 3192 vol.
1105 3139 1141 3191 iii.
1160 3157 1204 3208 pp.
1218 3141 1319 3210 754-7)

169 3220 261 3275 Bacon
286 3223 419 3276 criticises
442 3223 563 3292 severely
583 3222 631 3275 the
653 3222 754 3290 dogma
777 3220 811 3274 of
830 3220 962 3275 Aristotle
986 3220 1041 3274 and
1061 3220 1109 3274 the
1131 3222 1319 3291 Peripatetics,

168 3305 256 3360 which
269 3305 369 3360 affirms
380 3306 428 3360 the
440 3305 633 3374 immutability
649 3305 681 3359 oi
690 3305 739 3360 the
751 3305 883 3373 heavenly
898 3303 1002 3358 bodies.
1039 3303 1103 3357 The
1119 3321 1193 3360 same
1210 3323 1319 3375 passage

168 3388 255 3442 shews
273 3389 335 3459 why
350 3389 385 3443 he
401 3390 468 3442 here
483 3389 578 3457 brings
598 3389 646 3443 the
665 3389 813 3443 ‘interiora
831 3388 941 3442 terrae'
960 3389 1020 3442 into
1037 3387 1235 3457 juxtaposition
1252 3391 1319 3443 with

168 3471 330 3526 ‘coelestia’
368 3472 495 3526 ‘Deinde
512 3474 534 3526 si
554 3473 614 3542 quis
626 3472 715 3528 adhuc
727 3473 821 3539 instet,
835 3473 927 3539 negari
945 3477 1038 3526 tamen
1053 3489 1107 3525 non
1121 3489 1199 3540 posse
1213 3474 1278 3541 quin
1291 3474 1319 3526 in

168 3554 225 3624 ipsa
245 3555 388 3624 superficie
407 3556 482 3609 orbis
502 3561 640 3612 terrarum
660 3562 688 3609 et
709 3556 831 3624 partibus
850 3556 982 3624 proximis
1001 3555 1123 3608 infinitae
1143 3557 1209 3608 liant
1229 3561 1320 3608 muta·

167 3638 267 3706 tiones,
280 3639 307 3692 ln
320 3639 399 3693 coelo
415 3655 471 3692 non
490 3640 576 3706 item;
594 3639 658 3693 huic
677 3639 715 3692 ita
732 3640 918 3707 occurrimus3
938 3655 989 3693 nec
1009 3655 1060 3690 nos
1078 3639 1145 3690 haec
1161 3653 1210 3704 per
1228 3638 1321 3691 omnia

167 3736 294 3790 aequare,
307 3728 336 3776 et
354 3730 447 3775 tamen
465 3722 487 3774 si
506 3723 632 3789 regiones
650 3721 729 3790 (quas
747 3719 857 3788 vocant)
877 3721 1047 3790 superiorem
1066 3725 1095 3773 et
1114 3718 1231 3772 mediam
1251 3719 1320 3773 airis

168 3821 218 3873 pro
229 3805 371 3874 superficie
384 3811 432 3858 aut
445 3805 576 3858 interiore
584 3805 680 3858 tunica
692 3803 762 3856 coeli
775 3803 947 3871 accipiamus,
957 3801 1189 3872 quemadmodum
1201 3803 1320 3870 spatium

167 3888 240 3941 istud
251 3889 323 3957 apud
335 3903 394 3955 nos,
406 3904 462 3956 quo
481 3887 614 3953 animalia,
626 3886 744 3955 plantae,
756 3891 785 3938 et
803 3886 945 3938 mineralia
962 3885 1150 3950 continentur,
1162 3900 1213 3952 pro
1225 3901 1320 3953 super·

167 3970 227 4024 licie
239 3973 281 4025 vel
294 3973 432 4025 exteriore
451 3971 544 4024 tunica
559 3976 650 4024 terrae
666 3968 831 4037 accipimus;
850 3977 880 4021 et
898 3969 935 4021 ibi
952 3983 1064 4036 quoque
1077 3967 1163 4020 varias
1179 3974 1207 4021 et
1226 3969 1319 4022 multi·

166 4053 269 4108 formes
292 4055 484 4121 generationes
502 4052 625 4106 inveniri.
670 4051 768 4119 ltaque
786 4051 920 4104 tumultus
939 4049 998 4104 iere
1019 4049 1108 4102 omnis
1130 4056 1159 4103 et
1176 4050 1320 4105 conflictus

166 4143 195 4190 et
212 4138 385 4206 perturbatio
402 4137 431 4190 in
449 4135 572 4190 confiniis
587 4142 696 4190 tantum
716 4134 787 4188 coeli
805 4139 834 4187 et
855 4140 946 4188 terrae
966 4135 1058 4187 locum
1075 4133 1177 4187 habere
1196 4135 1319 4204 videtur;

166 4221 244 4274 utin
261 4221 343 4274 rebus
360 4220 483 4275 civilibus
501 4219 540 4286 lit,
553 4221 580 4272 ln
598 4218 697 4288 quibus
715 4217 781 4270 illud
799 4217 963 4286 frequenter
981 4233 1031 4270 usu
1050 4217 1134 4284 venit,
1151 4223 1182 4270 ut
1198 4216 1317 4272 duorum

166 4319 314 4370 regnorum
333 4304 400 4357 fines
417 4302 555 4357 continuis
573 4301 773 4356 incursionibus
794 4307 824 4356 et
845 4299 981 4354 violentiis
1002 4299 1174 4365 infestentur,
1191 4300 1256 4353 dum
1277 4302 1319 4354 in·

165 4385 282 4440 teriores
295 4387 437 4456 utriusque
456 4387 531 4453 regni
550 4385 707 4455 provinciae
722 4385 827 4439 diutina
839 4399 907 4454 pace
919 4383 1057 4450 lruuntur,
1070 4390 1099 4438 et
1116 4383 1194 4438 bellis
1211 4389 1319 4439 tantum

165 4470 332 4536 gravioribus
344 4477 373 4524 et
385 4470 533 4523 rarioribus
544 4467 776 4524 commoventur!

201 4549 223 4582 ³⁷
244 4554 295 4607 See
308 4559 374 4607 next
386 4552 543 4624 Aphorism.
