3308 5106
626 443 881 502 arnasano.
1272 432 1333 516 163

180 623 279 688 quam
310 605 344 668 in
373 603 570 670 inveniendo
598 606 795 672 adhibemus
822 605 1053 684 humilitatem,
1077 605 1217 671 eandem
1241 611 1274 667 et
1300 601 1335 664 in

181 709 333 773 docendo
362 709 492 791 sequuti
524 729 649 794 sumus.
708 709 827 792 Neque
861 711 948 774 enim
982 719 1040 774 aut
1071 707 1333 774 confutationum

181 813 364 897 triumphis,
394 822 452 876 aut
489 813 696 895 antiquitatis
727 815 1008 892 advocationibus,
1038 823 1096 878 aut
1125 809 1335 876 authoritatis

184 917 395 998 usurpatione
415 915 569 998 quadam,
585 926 644 980 aut
666 917 767 980 etiam
789 918 999 982 obscuritatis
1017 916 1102 994 velo,
1115 914 1260 998 aliquam
1283 911 1336 974 his

183 1021 302 1084 nostris
318 1020 458 1083 inventis
474 1019 682 1101 majestatem
702 1020 871 1102 imponere
890 1030 949 1084 aut
969 1020 1142 1084 conciliare
1157 1036 1336 1093 conamur;

184 1123 293 1204 qualia
307 1123 448 1204 reperire
464 1142 531 1185 non
543 1122 675 1186 difficile
689 1131 774 1186 esset
790 1123 828 1198 ei,
847 1123 903 1205 qui
920 1123 1044 1187 nomini
1060 1144 1119 1187 suo
1135 1143 1201 1185 non
1217 1118 1336 1184 animis

183 1227 321 1291 aliorum
336 1226 449 1289 lumen
468 1225 640 1290 effundere
657 1235 841 1290 conaretur.
886 1228 963 1290 Non
980 1223 1144 1310 (inquam)
1159 1224 1263 1287 ullam
1277 1230 1336 1286 aut

183 1332 251 1393 vim
266 1339 323 1394 aut
335 1329 470 1392 insidias
485 1328 656 1394 hominurn
669 1329 800 1410 judiciis
812 1329 949 1394 fecimus
960 1340 1018 1394 aut
1030 1349 1184 1412 paramus
1196 1347 1204 1405 ;
1222 1345 1337 1388 verum

184 1454 241 1498 eos
258 1435 302 1498 ad
321 1454 372 1496 res
392 1434 481 1514 ipsas
500 1443 533 1497 et
554 1454 661 1497 rerum
682 1433 816 1499 foedera
833 1433 1047 1512 adducimus3
1071 1441 1108 1495 ut
1126 1431 1188 1513 ipsi
1202 1429 1338 1492 videant

184 1537 264 1620 quid
286 1537 440 1614 habeant,
459 1536 539 1618 quid
561 1546 709 1617 arguant,
732 1536 811 1618 quid
835 1536 962 1600 addant
982 1545 1083 1618 atque
1105 1535 1139 1597 in
1162 1549 1338 1597 commune

183 1640 363 1705 conferant.
407 1638 479 1702 Nos
501 1647 613 1702 autem
635 1639 663 1701 si
683 1659 751 1720 qua
773 1639 805 1700 in
827 1638 934 1702 revel
956 1639 1042 1702 male
1064 1636 1270 1710 credidimus,
1285 1633 1338 1695 vel

184 1743 444 1808 obdormivimus
465 1751 500 1807 et
524 1743 631 1806 minus
654 1743 864 1821 attendimus,
886 1740 940 1806 vel
966 1741 1145 1806 defecimus
1171 1739 1204 1802 in
1228 1737 1281 1800 via
1304 1745 1338 1798 et

185 1847 431 1930 inquisitionem
451 1846 653 1928 abrupimus,
676 1845 888 1910 nihilominus
911 1846 949 1909 iis
972 1844 1079 1909 modis
1102 1863 1153 1907 res
1175 1841 1281 1904 nudas
1304 1849 1338 1901 et

183 1959 316 2033 apertas
331 1949 536 2026 exhibemus,
551 1959 589 2013 ut
610 1969 734 2013 errores
755 1949 866 2027 nostri,
881 1957 1060 2031 antequam
1081 1946 1237 2011 scientiae
1252 1961 1340 2005 mas-

185 2074 258 2118 sam
273 2053 372 2117 altius
388 2053 542 2131 inficiant,
558 2051 664 2116 notari
686 2061 720 2115 et
740 2053 883 2134 separari
899 2053 1045 2134 possint3
1068 2059 1169 2131 atque
1185 2046 1286 2111 etiam
1302 2054 1339 2108 ut

186 2155 290 2221 facilis
306 2166 340 2220 et
357 2156 517 2238 expedita
536 2155 580 2219 sit
598 2154 748 2218 laborum
765 2161 951 2219 nostrorum
967 2153 1179 2218 continuatio,
1223 2148 1339 2230 Atque

186 2258 250 2324 hoc
271 2259 372 2324 modo
391 2260 475 2322 inter
497 2259 686 2342 empiricam
706 2267 740 2322 et
758 2257 952 2324 rationalem
975 2257 1167 2320 facultatem
1185 2251 1339 2337 (quarum

188 2383 319 2427 morosa
341 2372 375 2426 et
397 2363 601 2444 inauspicata
624 2361 765 2424 divortia
789 2369 823 2424 et
845 2361 982 2442 repudia
1004 2359 1116 2423 omnia
1138 2359 1171 2420 in
1195 2355 1341 2419 humana

187 2466 312 2529 familia
323 2463 510 2550 turbavere)
522 2464 709 2547 conjugium
721 2484 835 2528 verum
851 2473 886 2527 et
900 2462 1086 2544 legitimum
1098 2461 1131 2524 in
1143 2467 1341 2542 perpetuum

188 2589 248 2632 nos
263 2568 410 2633 firmasse
426 2567 666 2632 existimamus.

232 2671 467 2754 Quamobrem,
483 2691 585 2753 quum
600 2670 682 2734 haec
697 2667 822 2732 arbitrii
841 2669 943 2732 nostri
960 2687 1026 2732 non
1042 2667 1116 2744 sint,
1131 2665 1164 2728 in
1180 2660 1340 2746 principio

187 2775 305 2856 operis,
330 2775 373 2839 ad
400 2774 511 2837 Deum
539 2773 681 2850 Patrem,
709 2772 821 2836 Deum
844 2771 1001 2846 Verbum,
1030 2771 1143 2834 Deum
1170 2766 1339 2850 Spiritum,

186 2897 301 2960 preces
332 2876 501 2941 fundimus
535 2875 737 2940 humillimas
775 2884 809 2940 et
844 2876 1100 2952 ardentissimas,
1133 2881 1170 2935 ut
1202 2869 1339 2934 humani

185 2979 315 3064 generis
337 3000 568 3045 aerumnarum
592 2999 754 3043 memores
777 2988 811 3044 et
837 2978 1109 3062 peregrinationis
1135 2975 1228 3039 istius
1251 2973 1340 3037 vitae

187 3083 221 3146 in
240 3105 306 3166 qua
328 3084 398 3148 dies
421 3103 544 3166 paucos
565 3092 599 3146 et
621 3082 727 3145 malos
749 3082 894 3160 terimus,
912 3083 1005 3146 novis
1026 3081 1092 3145 suis
1111 3077 1340 3161 eleemosynis,
1396 3081 1399 3090 '

187 3207 249 3270 per
277 3207 394 3250 manus
423 3197 560 3264 nostras,
591 3184 751 3248 familiam
787 3185 968 3250 humanam
1004 3185 1120 3248 dotare
1154 3183 1340 3264 dignentur.

187 3289 305 3372 Atque
330 3289 411 3353 illud
442 3291 574 3372 insuper
600 3287 765 3370 supplices
792 3309 953 3370 rogamus,
981 3308 1023 3350 ne
1052 3285 1197 3350 humana
1222 3283 1341 3348 divinis

188 3393 343 3471 officiant,
370 3413 452 3456 neve
484 3413 529 3456 ex
562 3392 762 3455 reseratione
787 3392 913 3456 viarum
943 3411 1057 3455 sensus
1086 3400 1119 3454 et
1148 3387 1343 3454 accensione

189 3494 313 3577 majore
332 3496 464 3559 luminis
484 3496 642 3559 naturalis
660 3494 786 3576 aliquid
802 3495 1040 3559 incredulitatis
1056 3503 1089 3558 et
1105 3493 1210 3558 noctis
1224 3493 1343 3556 animis

189 3601 419 3683 nostris-„erga
448 3600 560 3678 divina
590 3600 748 3683 mysteria
776 3599 963 3664 oboriatur:
995 3598 1053 3662 sed
1083 3596 1202 3679 potius,
1232 3605 1270 3659 ut
1298 3594 1342 3657 ab

189 3703 358 3768 intellectu
381 3724 473 3786 pur0,
496 3725 517 3766 a
539 3700 721 3785 phantasiis
743 3711 777 3766 et
798 3703 946 3766 vanitate
968 3710 1145 3783 repurgato
1168 3708 1202 3761 et
1225 3698 1343 3760 divinis

187 3807 328 3872 oraculis
351 3806 566 3870 nihilominus
584 3805 717 3870 subdito
738 3816 772 3870 et
790 3826 928 3888 prorsus¹
943 3803 1103 3880 dedititio,
1124 3800 1200 3864 fidei
1223 3800 1344 3862 dentur

187 3930 275 3993 quae
299 3911 375 3974 fidei
404 3920 491 3974 sunt.
536 3909 716 3988 Postremo,
743 3919 779 3972 ut
806 3908 962 3971 scientiae
989 3925 1119 3968 veneno
1144 3924 1164 3967 a
1190 3912 1343 3984 serpente

188 4013 306 4092 infuso,
326 4034 394 4096 quo
415 4013 546 4078 animus
568 4012 733 4076 humanus
755 4020 863 4075 tumet
885 4019 919 4074 et
942 4007 1081 4085 inflatur,
1099 4006 1259 4088 deposito,
1283 4025 1342 4069 nec

188 4118 296 4182 altum
315 4116 485 4198 sapiamus
505 4136 566 4181 nec
587 4115 673 4180 ultra
693 4113 848 4193 sobrium,
863 4115 922 4178 sed
940 4113 1114 4176 veritatem
1132 4109 1165 4173 in
1183 4109 1343 4173 charitate

190 4219 349 4288 colamus.
1337 4281 1344 4294 ‚

236 4321 381 4388 Peractis
411 4331 523 4388 autem
553 4322 648 4403 votis,
674 4321 717 4386 ad
747 4319 899 4386 homines
934 4317 1088 4396 conversi,
1114 4313 1278 4401 quaedam
1309 4325 1343 4379 et

189 4424 348 4492 salutaria
369 4447 541 4491 monemus
562 4439 596 4490 et
616 4447 724 4508 aequa
744 4424 959 4508 postulamus.
1005 4422 1181 4486 Monemus
1199 4420 1342 4502 primum

190 4527 298 4618 (quod
328 4529 428 4595 etiam
459 4530 583 4615 precati
613 4531 740 4616 sumus)
765 4538 802 4593 ut
828 4528 978 4594 homines
1004 4545 1137 4591 sensum
1167 4525 1201 4588 in
1226 4523 1342 4600 offici0,

737 4645 767 4696 Μ
784 4647 802 4696 2
