3346 5104
319 419 381 487 170
665 415 940 472 orsrnravrro
964 415 1124 472 opums.

317 575 447 643 Sensus
473 579 561 645 enim
590 580 709 647 fallunt
738 581 861 664 utique,
885 581 944 644 sed
976 589 1010 646 et
1039 601 1165 646 errores
1194 601 1272 645 suos
1302 580 1468 646 indicantr

318 700 432 744 verum
456 703 581 750 errores
603 694 746 768 praesto,
769 687 890 750 indicia
912 705 1026 749 eorum
1048 685 1148 768 longe
1170 685 1277 768 petita
1297 695 1384 750 sunt.

362 785 500 868 Duplex
515 799 627 854 autem
642 798 693 854 est
708 810 822 854 sensus
841 789 959 872 culpa:
982 797 1040 852 aut
1062 790 1150 854 enim
1164 789 1315 854 destituit
1335 809 1395 852 nos
1412 796 1470 853 aut

318 887 450 973 decipit.
495 892 585 956 Nam
611 894 726 976 primo,
750 893 912 974 plurimae
933 904 1010 956 sunt
1033 912 1084 960 res
1106 914 1191 975 quae
1212 913 1346 956 sensum
1369 892 1470 956 etiam

320 1001 409 1056 recte
434 994 632 1078 dispositum
659 1018 720 1062 nec
746 996 814 1061 ullo
844 999 945 1061 modo
975 998 1171 1080 impeditum
1201 996 1381 1079 effugiunt3
1412 1006 1470 1060 aut

319 1095 502 1161 subtilitate
525 1100 626 1165 totius
649 1101 801 1183 corporis,
823 1110 882 1164 aut
904 1101 1047 1183 partium
1071 1101 1227 1179 minutiis,
1245 1110 1304 1164 aut
1322 1100 1384 1164 loci
1404 1099 1470 1164 dis-

320 1201 433 1278 tantia,
448 1211 507 1266 aut
524 1205 681 1269 tarditate
695 1214 796 1287 atque
811 1205 913 1268 etiam
928 1203 1104 1269 velocitate
1123 1214 1241 1278 motus,
1257 1214 1316 1268 aut
1330 1203 1470 1267 familia·

320 1302 418 1368 ritate
440 1306 572 1388 objecti,
587 1319 646 1373 aut
667 1307 749 1372 alias
771 1309 815 1371 ob
834 1303 959 1372 causa's.
1004 1307 1124 1390 Neque
1144 1329 1262 1386 rursus,
1277 1307 1333 1371 ubi
1355 1325 1470 1370 sensus

320 1424 390 1469 rem
416 1418 517 1490 tenet,
540 1411 773 1493 prehensiones
799 1410 871 1493 ejus
898 1411 1082 1475 admodum
1108 1411 1225 1476 firmae
1250 1421 1335 1476 sunt
1379 1411 1470 1474 Nam

320 1512 546 1578 testimonium
577 1525 610 1579 et
640 1516 827 1579 informatio
859 1535 976 1579 sensus
1005 1535 1136 1598 semper
1164 1523 1216 1579 est
1245 1536 1288 1578 ex
1318 1513 1470 1598 analogia

319 1610 470 1695 hominis,
501 1638 567 1682 non
597 1639 640 1682 ex
670 1619 824 1702 analogia
853 1618 1013 1683 universi:
1051 1627 1153 1700 atque
1183 1639 1305 1700 magno
1338 1637 1469 1701 prorsus

320 1739 427 1784 errore
449 1723 612 1802 asseritur,
634 1744 767 1787 sensum
790 1744 863 1788 esse
885 1742 1073 1786 mensuram
1096 1743 1216 1787 rerum.

301 1891 305 1898 ,
363 1823 482 1907 Itaque
511 1838 548 1892 ut
577 1827 628 1892 his
660 1837 856 1905 occurratur,
891 1846 952 1891 nos
982 1826 1088 1890 multo
1126 1836 1160 1890 et
1193 1826 1262 1891 fido
1291 1825 1469 1890 ministerio

318 1927 443 1992 auxilia
480 1932 589 1994 sensui
627 1932 772 2014 undique
807 1931 1065 2014 conquisivimus
1097 1939 1131 1994 et
1167 1931 1403 2009 contraximus,
1432 1939 1470 1994 ut

318 2031 587 2098 destitutionibus
603 2036 860 2113 substitutiones,
874 2033 1109 2101 variationibus
1124 2033 1375 2098 rectificationes
1393 2053 1470 2116 sup·

319 2134 516 2214 peditentur·
561 2139 681 2221 Neque
703 2139 737 2202 id
761 2138 915 2202 molimur
936 2147 1006 2202 tam
1033 2137 1259 2202 instrumentis
1283 2157 1384 2219 quam
1410 2157 1469 2200 ex·

318 2239 519 2318 perimentis.
553 2242 686 2306 Etenim
699 2243 1001 2325 experimentorum
1017 2241 1115 2323 longe
1128 2240 1234 2328 major
1244 2251 1295 2304 est
1305 2241 1470 2305 subtilitas

318 2361 418 2423 quam
434 2365 548 2408 sensus
566 2347 676 2430 ipsius,
691 2347 766 2411 licet
782 2345 1008 2410 instrumentis
1023 2344 1197 2428 exquisitis
1211 2344 1336 2426 adjuti;
1359 2340 1416 2430 (de
1430 2346 1469 2408 iis

318 2446 484 2528 loquimur
498 2450 742 2532 experimentis,
758 2470 842 2532 quae
863 2450 906 2513 ad
929 2448 1145 2512 intentionem
1168 2447 1240 2531 ejus
1258 2450 1348 2531 quod
1370 2468 1469 2532 quae-

317 2548 399 2612 ritur
421 2551 524 2632 perite
547 2561 580 2616 et
602 2553 783 2616 secundum
805 2561 911 2618 artem
935 2552 1125 2634 excogitata
1142 2559 1176 2615 et
1193 2552 1347 2634 apposita
1367 2550 1469 2637 sunt).

319 2651 437 2735 Itaque
452 2657 655 2738 perceptioni
669 2676 784 2720 sensus
798 2655 1010 2719 immediatae
1024 2675 1063 2718 ac
1078 2655 1230 2738 propriae
1246 2675 1312 2718 non
1328 2655 1470 2719 multum

317 2758 509 2824 tribuimus:
533 2761 591 2824 sed
607 2781 732 2824 eorem
749 2760 952 2834 deducimus,
969 2767 1005 2823 ut
1020 2779 1136 2823 sensus
1155 2768 1287 2824 tantum
1306 2761 1349 2823 de
1366 2780 1469 2841 expe-

319 2861 468 2940 rimento,
492 2865 756 2946 experimentum
786 2864 829 2927 de
858 2884 893 2927 re
919 2861 1055 2944 judicet.
1099 2862 1212 2947 Quare
1241 2865 1470 2928 existimamus

319 2983 380 3026 nos
395 2987 509 3029 sensus
525 2964 559 3052 (a
574 2989 640 3050 quo
655 2967 767 3031 omnia
781 2967 814 3030 in
830 2966 1033 3032 naturalibus
1048 2969 1193 3050 petenda
1208 2977 1293 3044 sunt,
1309 2968 1370 3030 nisi
1386 2967 1470 3031 sorte

319 3068 422 3132 libeat
448 3067 601 3156 insanire)
623 3071 788 3134 antistites
814 3069 991 3152 religiosos,
1015 3079 1049 3134 et
1075 3071 1280 3135 oraculorum
1307 3070 1378 3152 ejus
1405 3089 1471 3134 non

319 3171 489 3253 imperitos
504 3174 707 3256 interpretes,
722 3194 783 3238 nos
802 3175 1024 3257 praestitisse:
1047 3182 1084 3238 ut
1099 3173 1155 3237 alii
1175 3174 1375 3256 professione
1391 3194 1471 3255 qua·

319 3276 406 3354 dam,
429 3297 490 3340 nos
513 3298 546 3341 re
568 3278 649 3360 ipsa,
671 3299 804 3341 sensum
829 3278 913 3342 tueri
935 3299 974 3342 ac
1002 3277 1109 3342 colere
1130 3278 1309 3342 videamur.
1353 3277 1471 3360 Atque

317 3379 505 3462 hujusmodi
532 3392 609 3446 sunt
635 3402 674 3445 ea
703 3403 789 3465 quae
813 3383 857 3446 ad
884 3381 997 3446 lumen
1029 3383 1138 3464 ipsum
1168 3391 1307 3445 naturae
1334 3380 1470 3465 ejusque

317 3486 544 3550 accensionem
568 3494 601 3550 et
624 3487 861 3550 immissionem
885 3506 1059 3569 paramus:
1084 3505 1170 3567 quae
1190 3504 1251 3567 per
1269 3505 1306 3549 se
1323 3486 1471 3550 sufficere

317 3597 461 3670 possent,
491 3591 518 3653 si
548 3590 734 3656 intellectus
768 3590 932 3654 humanus
968 3609 1095 3672 aequus
1132 3597 1166 3652 et
1198 3589 1301 3652 instar
1337 3588 1471 3653 tabulae

316 3691 453 3756 abrasae
475 3703 572 3758 esset.
619 3693 687 3759 Sed
710 3714 785 3758 cum
809 3704 938 3757 mentes
957 3691 1129 3756 hominum
1150 3691 1239 3755 miris
1256 3692 1365 3756 modis
1385 3694 1471 3757 adeo

316 3795 470 3860 obsessae
485 3799 549 3861 sint
570 3808 607 3863 ut
626 3798 669 3861 ad
685 3817 779 3862 veros
797 3817 905 3862 rerum
925 3796 1034 3860 radios
1053 3795 1267 3878 excipiendos
1290 3796 1417 3861 sincera
1437 3806 1471 3861 et

318 3898 422 3980 polita
451 3921 528 3964 area
557 3920 688 3983 prorsus
718 3901 813 3978 desit,
843 3901 1021 3964 necessitas
1051 3899 1216 3980 quaedam
1245 3900 1405 3965 incumbit
1435 3910 1472 3965 ut

318 4003 417 4066 etiam
432 4004 508 4068 huic
524 4005 568 4068 rei
585 4005 766 4069 remedium
782 4005 1007 4086 quaerendum
1024 4023 1096 4067 esse
1111 4012 1276 4085 putemus.

360 4106 456 4170 Idola
476 4117 589 4172 autem
611 4130 632 4172 a
654 4109 774 4191 quibus
796 4116 977 4190 occupatur
999 4127 1102 4180 mens,
1120 4107 1173 4170 vel
1191 4106 1372 4170 Adscititia
1394 4116 1472 4171 sunt

317 4210 370 4274 vel
386 4210 515 4275 Innata.
560 4211 740 4276 Adscititia
754 4231 834 4275 vero
848 4211 1078 4293 immigrarunt
1092 4211 1125 4272 in
1142 4218 1270 4273 mentes
1290 4209 1473 4289 hominum,

317 4314 370 4378 vel
386 4335 430 4378 ex
445 4315 716 4399 philosophorum
732 4314 861 4397 placitis
877 4323 912 4378 et
926 4314 1024 4378 sectis
1039 4313 1092 4378 vel
1108 4333 1152 4376 ex
1171 4314 1330 4396 perversis
1344 4313 1473 4396 legibus

318 4418 649 4484 demonstrationum.
694 4418 745 4482 At
769 4419 888 4482 Innata
911 4417 1082 4482 inhaerent
1101 4426 1239 4481 naturae
1256 4415 1358 4500 ipsius
1376 4416 1473 4480 intel·

318 4519 434 4598 lectus,
461 4523 518 4608 qui
548 4525 591 4588 ad
618 4543 760 4588 errorem
787 4523 886 4606 longe
915 4521 1089 4604 proclivior
1114 4541 1187 4603 esse
1216 4519 1474 4605 deprehenditur
