3220 5102
366 444 431 526 488
569 435 576 442 '
743 448 901 505 rvoerM
921 443 1141 503 oaonrvvnr.

367 621 457 704 apud
473 641 533 684 nos
549 617 695 684 continet
710 618 861 702 spiritum
877 613 1073 679 invisibilem
1090 623 1123 678 et
1139 611 1331 691 intactilem‚
1347 611 1438 693 eique
1450 611 1496 675 ob·

367 729 496 791 ducitur
511 736 610 809 atque
626 746 701 788 eum
718 723 811 806 quasi
826 723 935 786 vestit.
983 720 1017 783 H
1022 723 1073 784 inc
1090 719 1162 782 fons
1182 717 1303 800 triplex
1324 727 1438 800 potens
1454 718 1495 781 ille

367 840 400 895 et
419 831 577 894 mirabilis
601 849 771 912 processus
794 827 927 908 spiritus
951 825 983 888 in
1007 845 1144 907 corpore
1166 822 1327 904 tangibili.
1375 821 1495 904 Spiritus

366 937 455 1000 enim
479 937 511 999 in
536 957 570 998 re
592 934 752 1016 tangibili,
776 933 923 1009 emissus,
946 949 1084 1012 corpora
1106 927 1270 993 contrahit
1293 937 1328 991 et
1351 927 1495 1004 desiceat;

365 1043 529 1119 detentus,
546 1060 682 1122 corpora
698 1040 860 1101 intenerat
883 1045 917 1099 et
940 1035 1117 1117 colliquat;
1142 1053 1202 1097 nec
1224 1052 1356 1114 prorsus
1377 1033 1495 1095 emissus

365 1166 425 1210 nec
442 1165 572 1227 prorsus
588 1144 754 1218 detentus,
775 1141 942 1218 informat,
961 1137 1187 1211 membrificat‚
1211 1137 1381 1214 assimilat,
1403 1139 1494 1218 egerit,

364 1251 542 1333 organizat,
574 1259 608 1313 et
638 1248 767 1311 similia.
827 1246 945 1327 Atque
973 1244 1057 1308 haec
1087 1241 1199 1305 omnia
1232 1241 1436 1305 deducuntur
1463 1243 1494 1304 ad

327 1408 329 1412 .
364 1355 518 1419 sensibile
534 1373 592 1436 per
607 1353 741 1417 effectus
757 1350 960 1433 conspicuos.

408 1460 544 1523 Etenim
557 1459 589 1521 in
605 1457 695 1521 omni
708 1475 843 1538 corpore
858 1452 1009 1535 tangibili
1023 1451 1212 1528 inanimat0,
1225 1453 1359 1535 spiritus
1375 1451 1495 1517 inclusus

363 1566 470 1648 primo
487 1561 684 1644 multiplicat
700 1580 745 1633 se,
755 1568 788 1622 et
804 1568 964 1640 tanquam
981 1557 1129 1640 depascit
1141 1566 1252 1639 partes
1267 1557 1441 1637 tangibiles
1454 1579 1496 1620 (as

363 1689 448 1752 quae
463 1676 540 1731 sunt
554 1666 703 1754 maxime
719 1665 761 1726 ad
772 1661 835 1726 hoc
846 1661 957 1725 faciles
972 1670 1005 1724 et
1021 1670 1245 1743 praeparatae,
1258 1681 1383 1743 easque
1398 1661 1495 1742 digerit

362 1783 396 1838 et
412 1771 543 1838 conficit
560 1779 594 1833 et
608 1769 708 1833 vertit
723 1769 755 1829 in
772 1767 930 1850 spiritum,
947 1773 980 1828 et
996 1764 1115 1827 deinde
1131 1784 1196 1827 una
1212 1764 1357 1828 evolant.
1401 1765 1496 1846 Atque

362 1877 444 1940 haec
457 1875 620 1940 confectio
632 1882 666 1937 et
677 1870 906 1953 multiplicatio
921 1869 1054 1952 spiritus
1069 1869 1242 1932 deducitur
1251 1871 1293 1932 ad
1310 1890 1441 1933 sensum
1453 1891 1496 1951 per

363 1980 617 2044 diminutionem
640 1976 804 2059 ponderis.
851 1975 890 2037 In
913 1974 1004 2036 omni
1027 1973 1114 2035 enim
1137 1972 1369 2047 desiccatione,
1392 1974 1495 2054 aliquid

362 2083 478 2148 defluit
502 2084 544 2145 de
566 2090 693 2164 quanto
706 2101 713 2160 ;
738 2100 845 2162 neque
869 2079 902 2141 id
926 2078 1034 2160 ipsum
1059 2099 1103 2140 ex
1126 2077 1239 2160 spiritu
1264 2087 1398 2142 tantum
1419 2099 1495 2159 prae-

362 2188 570 2266 inexistente,
586 2184 645 2249 scd
662 2206 705 2248 ex
722 2204 857 2266 corpore
873 2183 963 2264 quod
980 2183 1068 2263 prius
1084 2181 1145 2244 luit
1161 2183 1319 2264 tangibile
1338 2193 1373 2246 et
1391 2185 1496 2246 noviter

360 2311 491 2354 versum
517 2298 586 2353 est:
623 2287 756 2371 spiritus
781 2285 869 2348 enim
896 2304 963 2347 non
991 2285 1162 2366 ponderat.
1208 2285 1373 2367 Egressus
1402 2299 1495 2350 autem

361 2396 429 2458 sive
445 2393 577 2458 emissio
596 2391 730 2473 spiritus
749 2389 922 2452 deducitur
941 2390 983 2451 ad
1005 2388 1160 2452 sensibile
1181 2389 1212 2451 in
1235 2389 1387 2472 rubigine
1397 2390 1422 2428 4⁹
1444 2411 1495 2454 mc·

360 2498 525 2576 tallorum,
550 2505 583 2560 et
609 2494 681 2558 aliis
707 2491 1001 2575 putrefactionibus
1027 2491 1097 2574 ejus
1123 2493 1253 2574 generis
1277 2515 1365 2576 quae
1395 2496 1496 2558 sistunt

361 2624 397 2667 se
412 2612 592 2684 antequam
614 2597 820 2681 pervenerint
839 2594 882 2659 ad
904 2596 1091 2659 rudimenta
1109 2599 1215 2676 vitae;
1239 2619 1317 2661 nam
1340 2599 1447 2663 illae⁵⁰
1463 2601 1495 2662 ad

361 2707 495 2770 tertium
525 2723 629 2786 genus
659 2719 830 2783 processus
861 2699 1036 2781 pertinent
1094 2699 1228 2763 Etenim
1260 2701 1293 2763 in
1323 2704 1496 2784 corporibus

362 2809 469 2891 magis
495 2805 678 2890 compactis
704 2804 838 2887 spiritus
865 2822 932 2865 non
959 2802 1084 2865 invenit
1110 2822 1209 2884 poros
1236 2812 1269 2866 et
1296 2815 1426 2869 meatus
1452 2825 1496 2887 per

362 2933 446 2996 quos
462 2911 589 2976 evolet:
621 2911 733 2992 itaque
748 2909 876 2990 cogitur
891 2916 1001 2988 partes
1018 2907 1106 2989 ipsas
1125 2908 1301 2990 tangibiles
1320 2912 1495 2992 protmdere

361 3025 395 3080 et
420 3025 499 3079 ante
525 3036 561 3078 se
587 3034 694 3097 agere,
718 3013 766 3077 ita
792 3021 828 3074 ut
853 3011 928 3073 illae
952 3011 1050 3074 simul
1077 3021 1220 3090 exeant3
1250 3022 1353 3094 atque
1378 3014 1449 3076 inde
1468 3013 1495 3075 fit

362 3117 488 3201 rubigo,
512 3127 545 3181 et
567 3117 696 3180 similia.
741 3115 793 3179 At
816 3114 998 3178 contractio
1021 3115 1165 3196 partium
1185 3117 1405 3198 tangibilium,
1422 3129 1495 3199 post·

360 3315 447 3382 kinds,
462 3316 496 3367 its
508 3315 673 3382 operations,
687 3314 723 3367 its
735 3314 839 3380 effects‚
848 3314 898 3366 dac.
930 3315 982 3366 See
994 3313 1138 3382 especially
1149 3315 1228 3384 Sylva
1238 3317 1389 3385 sylvarum,
1400 3316 1461 3384 Eup.
1470 3319 1494 3380 98

362 3401 406 3471 (E.
420 3399 474 3452 and
488 3400 523 3466 S,
536 3399 588 3451 vol.
601 3399 628 3451 ii.
640 3414 686 3466 pp.
702 3397 833 3467 380-82);
854 3397 979 3450 Historia
991 3397 1072 3450 Vitae
1088 3404 1116 3451 et
1130 3398 1231 3452 Mortis
1245 3401 1290 3470 (E.
1303 3402 1358 3454 aud
1373 3401 1495 3467 S.‚v01.tt

360 3499 404 3552 pp.
420 3480 555 3552 213-21);
575 3482 699 3535 Historia
718 3481 805 3534 Densi
824 3487 854 3533 et
875 3481 940 3533 Rari
959 3479 1003 3550 (E.
1017 3482 1070 3534 and
1085 3483 1120 3548 S.‚
1134 3483 1185 3536 vol.
1199 3483 1225 3536 ii.
1239 3499 1284 3552 pp.
1299 3485 1408 3552 ²54·⁶l·
1444 3484 1495 3535 lna

359 3572 425 3620 note
438 3583 475 3620 on
489 3567 506 3620 i.
521 3583 563 3634 50,
578 3567 589 3618 l
603 3565 672 3619 have
684 3564 862 3618 commented
879 3570 908 3617 at
920 3581 997 3617 some
1015 3565 1109 3632 length
1121 3581 1158 3619 on
1172 3566 1288 3620 Bacon’s
1304 3569 1463 3637 conception
1473 3564 1497 3618 ol

360 3651 452 3718 Spirit.
490 3652 541 3703 See
558 3649 615 3703 also
634 3649 681 3703 the
702 3655 782 3702 notes
800 3665 837 3701 on
855 3649 881 3702 ii.
898 3665 928 3713 13
949 3647 1030 3718 (lust.
1049 3648 1092 3718 38)
1111 3649 1164 3702 and
1185 3666 1227 3714 ²7·
1262 3651 1333 3704 This
1352 3649 1494 3721 antiquated

357 3734 436 3802 piece
454 3733 486 3787 of
503 3732 617 3802 Physics
635 3749 668 3786 or
688 3731 882 3801 Metaphysics‚
895 3732 917 3784 it
935 3732 1025 3785 would
1044 3732 1079 3786 be
1097 3733 1267 3801 superfluous
1285 3741 1315 3788 to
1334 3741 1460 3790 annotate
1475 3735 1493 3784 ir

357 3818 450 3871 detail.
488 3817 552 3870 The
574 3817 677 3871 reader‘
693 3816 747 3870 will
769 3817 851 3884 easily
872 3816 907 3868 be
929 3816 989 3869 able
1010 3822 1041 3869 to
1063 3816 1155 3870 notice
1174 3815 1219 3870 for
1239 3817 1351 3872 himself
1367 3819 1415 3872 the
1432 3833 1494 3871 more

357 3902 466 3956 curious
479 3907 555 3969 parts
568 3900 600 3962 ol
610 3901 656 3954 the
670 3900 841 3969 disquisition
854 3899 943 3953 which
956 3898 1070 3954 follows.

395 3985 422 4037 lt
439 4001 502 4053 may
514 3984 549 4037 be
565 3984 710 4038 remarked
729 3985 797 4050 that,
809 3984 914 4050 though
931 3984 1048 4037 Bacon’s
1066 3991 1184 4038 account
1202 3985 1234 4038 oi
1249 3987 1365 4055 ‘Spirit'
1384 3988 1447 4041 does
1458 3992 1494 4038 not

357 4083 432 4121 seem
445 4073 476 4121 to
490 4069 525 4120 be
537 4068 621 4121 taken
634 4068 759 4136 directly,
769 4075 798 4121 at
810 4067 877 4121 least
890 4066 1008 4121 without
1020 4068 1209 4122 considerable
1221 4070 1428 4136 modificatious,
1438 4069 1494 4122 fron

359 4151 526 4218 Paracelsus,
539 4149 619 4204 there
633 4151 654 4203 is
667 4151 750 4204 much
763 4152 790 4204 in
803 4166 933 4204 common
946 4151 1072 4204 between
1085 4151 1134 4205 the
1146 4153 1328 4220 speculations
1343 4153 1376 4207 oi
1391 4155 1436 4207 the
1451 4159 1494 4204 tvo

357 4235 465 4288 writers
482 4250 519 4286 on
536 4234 591 4287 this
607 4234 723 4303 subject.
762 4234 773 4286 l
794 4234 862 4288 have
881 4240 938 4297 not,
952 4235 1088 4302 however,
1100 4235 1218 4303 thought
1237 4237 1258 4289 it
1276 4237 1367 4290 worth
1386 4238 1458 4292 while
1472 4243 1495 4286 to

355 4319 435 4387 point
448 4317 503 4369 this
516 4323 564 4370 out
578 4317 604 4370 in
618 4316 711 4372 detail.

393 4401 414 4430 ⁴⁸
435 4400 505 4452 Rust
517 4415 620 4468 proper
632 4401 654 4453 is
667 4401 721 4453 due
734 4406 764 4452 to
777 4399 825 4454 the
838 4399 1027 4454 combination
1042 4400 1075 4454 of
1088 4401 1148 4455 iron
1163 4401 1229 4455 with
1241 4417 1358 4471 oxygen.
1396 4403 1463 4468 lron,
1473 4415 1494 4452 as

358 4484 419 4536 well
432 4499 462 4535 as
474 4499 557 4551 many
570 4484 654 4536 other
663 4485 768 4550 metals,
781 4483 912 4537 becomes
924 4483 1048 4537 oxidlsed
1061 4485 1097 4555 by
1110 4501 1245 4555 exposure
1258 4492 1289 4544 to
1302 4487 1383 4546 molst
1395 4487 1440 4543 air.

391 4563 414 4598 ⁶⁰
433 4565 512 4634 This,
525 4581 554 4622 as
567 4567 623 4622 Mr.
638 4567 703 4621 Ellis
714 4573 845 4638 suggests,
858 4567 955 4625 should
967 4568 1002 4622 be
1015 4567 1068 4628 illa.
