3324 5110
299 452 364 519 314
675 433 832 492 Norunt
853 413 1072 494 oaonurslr.

808 607 953 688 cxvn.

344 749 460 832 Atque
475 749 755 832 quemadmodum
772 757 882 812 sectae
898 749 1085 811 conditores
1107 767 1174 811 uon
1190 768 1313 825 sumus,
1332 746 1379 810 ita
1395 765 1455 810 nec

302 873 439 937 operum
464 854 708 936 particularium
736 854 908 934 largitores
933 863 991 916 aut
1021 853 1245 934 promissores.
1291 851 1455 915 Attamen

302 959 406 1040 possit
425 958 543 1040 aliquis
565 958 629 1021 hoc
652 957 753 1021 modo
775 975 964 1031 occurrere;
987 958 1077 1039 quod
1102 978 1170 1035 nos,
1187 958 1242 1040 qui
1264 966 1333 1020 tam
1355 974 1455 1036 saepe
1531 975 1534 982 ·

303 1083 440 1144 operum
457 1062 657 1126 mentionem
667 1062 826 1126 faciamus
843 1070 876 1124 et
891 1061 1000 1124 omnia
1017 1080 1057 1124 eo
1073 1061 1251 1140 trahamus,
1261 1061 1361 1124 etiarn
1376 1079 1456 1140 ope-

303 1188 374 1230 rum
398 1166 581 1249 aliquorum
609 1167 747 1250 pignora
772 1165 1001 1228 exhibeamus.
1045 1165 1170 1229 Verum
1199 1167 1253 1230 via
1279 1174 1391 1228 nostra
1422 1171 1455 1225 et

304 1272 386 1336 ratio
411 1270 463 1356 (ut
484 1291 583 1353 saepe
605 1272 775 1353 perspicue
798 1270 944 1333 diximus
967 1278 1001 1332 et
1023 1269 1131 1334 adhuc
1153 1271 1261 1334 dicere
1281 1264 1390 1352 juvat)
1415 1286 1455 1330 ea

304 1386 376 1454 est3
400 1386 524 1438 utnon
548 1395 648 1457 opera
671 1396 715 1438 ex
738 1374 892 1455 operibus
914 1373 983 1435 sive
1006 1375 1235 1455 experimenta
1258 1395 1301 1437 ex
1327 1372 1455 1454 experi-

304 1482 423 1546 mentis
439 1478 490 1566 (ut
513 1477 681 1565 empirici),
697 1480 755 1543 sed
779 1499 822 1541 ex
845 1477 1000 1560 operibus
1023 1485 1056 1540 et
1080 1479 1316 1561 experimentis
1339 1497 1455 1541 causas

306 1595 339 1648 et
368 1585 546 1661 axiomata,
576 1593 678 1666 atque
708 1601 751 1645 ex
782 1581 888 1645 causis
918 1589 952 1644 et
981 1581 1206 1644 axiomatibus
1232 1602 1341 1645 rursus
1369 1600 1456 1644 nova

305 1709 405 1770 opera
428 1697 461 1752 et
489 1687 716 1769 experimenta
738 1680 788 1768 (ut
812 1683 949 1766 legitimi
974 1682 1122 1747 Naturae
1150 1680 1372 1768 interpretes),
1397 1703 1457 1746 ex-

306 1792 484 1855 trahamus.

351 1894 466 1976 Atque
484 1893 558 1956 licet
580 1893 612 1955 in
635 1892 756 1955 tabulis
780 1891 900 1954 nostris
924 1891 1111 1956 inveniendi
1128 1889 1184 1981 (ex
1200 1893 1319 1976 quibus
1339 1899 1458 1974 quarta

308 2018 383 2081 pars
393 1996 417 2034 ³¹
434 1995 685 2060 Instaurationis
700 1991 873 2079 consistit),
888 2005 990 2079 atque
1006 1997 1106 2060 etiam
1131 1996 1293 2079 exemplis
1316 1997 1458 2080 particu-

309 2101 424 2165 larium
444 2098 546 2184 (quae
569 2101 601 2163 in
622 2100 766 2163 secunda
789 2109 883 2181 parte
906 2097 1131 2185 adduximus),
1147 2111 1248 2184 atque
1270 2102 1403 2181 insuper
1425 2100 1458 2160 in

308 2205 590 2269 observationibus
607 2203 726 2267 nostris
741 2222 840 2285 super
853 2202 1024 2266 historiam
1040 2201 1140 2288 (quae
1156 2207 1188 2268 in
1209 2206 1305 2268 tertia
1327 2213 1421 2285 parte
1433 2199 1459 2239 ³²

309 2311 418 2392 operis
449 2310 613 2390 descripta
643 2305 716 2393 est),
747 2307 852 2390 quivis
881 2307 933 2370 vel
969 2309 1142 2372 mediocris
1177 2309 1397 2392 perspicaciae
1426 2315 1460 2370 et

309 2415 462 2478 solertiae
480 2413 699 2495 complurium
720 2431 857 2494 operum
876 2411 1035 2475 nobilium
1059 2413 1275 2476 indicationes
1298 2423 1332 2475 et
1353 2412 1461 2493 desig·

310 2520 459 2582 nationes
483 2518 606 2599 ubique
629 2516 780 2594 notabit3
811 2517 952 2597 ingenue
979 2523 1092 2579 tamen
1119 2516 1269 2596 fatemur,
1290 2515 1461 2579 historiam

309 2623 492 2687 naturalem
508 2641 608 2704 quam
629 2620 737 2684 adhuc
755 2619 925 2696 habemus,
940 2629 998 2683 aut
1014 2640 1058 2683 ex
1079 2620 1168 2683 libris
1186 2631 1244 2685 aut
1263 2642 1307 2684 ex
1328 2619 1461 2703 inquisi-

309 2729 400 2791 tione
430 2727 569 2809 propria‚
602 2745 667 2789 non
704 2735 775 2786 tam
814 2725 982 2806 copiosam
1013 2745 1084 2788 esse
1117 2734 1150 2787 et
1181 2725 1394 2799 verificatam,
1426 2732 1462 2787 ut

311 2833 479 2914 legitimae
496 2829 763 2911 Interpretationi
779 2827 967 2891 satisfacere
982 2838 1040 2892 aut
1056 2829 1239 2893 ministrare
1255 2831 1360 2912 possit
1371 2827 1407 2892 ³³.

356 2936 474 3018 Itaque
503 2935 530 2998 si
557 2935 630 3016 quis
654 2933 696 2996 ad
723 2932 913 2998 mechanica
938 2933 980 2996 sit
1005 2935 1111 3016 magis
1137 2945 1233 3017 aptus
1260 2943 1293 2998 et
1319 2941 1463 3016 paratus,

311 3050 411 3120 atque
426 3059 531 3120 sagax
547 3039 590 3101 ad
606 3038 756 3100 venanda
771 3057 871 3119 opera
894 3057 938 3098 ex
954 3039 1200 3100 conversatione
1215 3038 1285 3101 sola
1308 3058 1382 3101 cum
1404 3057 1463 3098 ex·

312 3143 513 3224 perimentis
530 3141 558 3204 ei
575 3141 797 3222 permittimus
813 3149 846 3203 et
862 3138 1076 3222 relinquimus
1092 3140 1182 3203 illam
1203 3141 1410 3216 industriam,
1427 3147 1464 3203 ut

314 3267 357 3309 ex
380 3245 514 3308 historia
538 3253 647 3308 nostra
671 3253 705 3308 et
726 3245 848 3307 tabulis
871 3243 975 3306 multa
998 3253 1157 3326 tanquam
1180 3246 1214 3308 in
1236 3246 1289 3308 via
1308 3245 1465 3325 decerpat

313 3357 347 3413 et
363 3347 507 3429 applicet
522 3348 563 3410 ad
580 3369 688 3430 opera,
697 3368 736 3411 ac
751 3347 852 3411 veluti
867 3347 983 3410 foenus
998 3348 1133 3429 recipiat
1148 3349 1191 3411 ad
1208 3358 1348 3430 tempus,
1359 3347 1466 3410 donec

315 3473 384 3516 sors
406 3452 521 3515 haberi
542 3453 654 3534 possit.
701 3452 772 3515 Nos
795 3471 881 3529 vero,
904 3471 980 3515 cum
1003 3452 1046 3514 ad
1068 3451 1193 3533 majora
1216 3452 1466 3524 contendamus,

315 3577 441 3620 moram
465 3577 599 3619 omnem
625 3575 880 3638 praeproperam
902 3565 935 3618 et
958 3567 1201 3637 praematuram
1225 3557 1258 3619 in
1281 3555 1466 3620 istiusmodi

316 3662 411 3726 rebus
438 3671 596 3742 tanquam
620 3660 803 3724 Atalantae
826 3659 910 3742 pilas
935 3655 985 3744 (ut
1015 3661 1146 3742 saepius
1170 3661 1315 3724 solemus
1345 3655 1469 3742 dicere)

315 3767 521 3830 damnamus.
567 3766 684 3847 Neque
711 3766 799 3828 enim
822 3784 921 3828 aurea
946 3784 1048 3846 poma
1069 3764 1238 3846 pueriliter
1263 3764 1467 3837 affectamus,

352 4041 374 4074 ⁸¹
393 4042 457 4095 The
470 4040 564 4094 ‘Scala
578 4040 755 4094 Intellectus!
792 4039 843 4108 Cp.
859 4046 925 4092 note
939 4043 971 4091 62
986 4056 1023 4092 on
1038 4040 1106 4109 Aph.
1121 4058 1164 4106 92·

352 4123 374 4158 ⁸⁸
392 4126 456 4179 The
470 4124 681 4178 ‘Phaenomena
695 4123 828 4189 Universi,
842 4123 897 4176 sive
911 4123 1034 4176 Historia
1047 4123 1185 4176 Naturalis
1200 4130 1229 4176 et
1243 4122 1474 4192 Experimentalis

317 4211 351 4266 ad
364 4209 537 4264 condendam
551 4208 772 4276 Philosophiam?
809 4207 860 4275 Cp.
873 4212 940 4260 note
954 4210 987 4270 76
1001 4224 1037 4260 on
1052 4208 1122 4276 Aph.
1136 4213 1179 4274 98.

353 4291 376 4324 ⁸³
395 4294 465 4346 This
478 4292 592 4346 ‘candid
605 4291 774 4344 confession’
787 4289 820 4343 of
836 4290 927 4344 Bacon
944 4291 1042 4344 should
1058 4291 1094 4344 be
1112 4291 1196 4345 taken
1215 4292 1242 4344 in
1259 4307 1358 4344 excuse
1376 4289 1409 4343 of
1424 4290 1474 4342 tbe

319 4395 401 4446 many
413 4377 614 4442 shortcomings
626 4375 658 4428 of
666 4376 715 4428 the
727 4381 789 4443 part
801 4374 833 4427 oi
842 4374 883 4427 his
896 4375 971 4428 work
988 4374 1054 4428 here
1072 4375 1194 4429 referred
1209 4381 1247 4442 to,
1260 4375 1314 4429 and
1333 4376 1360 4427 in
1373 4375 1473 4442 depre-

318 4463 409 4515 cation
427 4460 459 4513 of
469 4459 517 4512 the
530 4459 627 4512 hostile
640 4461 783 4513 criticisms
795 4458 828 4512 of
837 4459 934 4525 Liebig
947 4459 1001 4512 and
1013 4459 1117 4513 others.
1155 4461 1206 4528 Cp.
1220 4459 1268 4513 the
1283 4464 1350 4512 neat
1364 4457 1473 4528 Apbor-

318 4547 377 4612 ism,
390 4544 444 4598 and
460 4542 660 4611 Introduction,
673 4560 701 4612 p.
714 4559 772 4608 141.
