3208 5094
601 443 682 502 rra.
705 444 748 500 Jr.
771 447 823 519 50·
999 424 1002 430 ’
1224 439 1289 528 5⁶3

137 619 260 685 aquam
285 611 344 668 aut
370 623 484 669 carnes
506 587 703 688 pernexum
725 606 910 672 succedere.
954 606 1056 691 Quod
1078 607 1290 675 salsissimum

137 713 197 770 est
241 705 314 770 Aer
328 709 415 772 enim
431 729 498 773 non
512 719 631 791 quanto
645 710 845 789 diminuitur,
862 712 920 775 sed
939 712 1048 794 spatio
1067 713 1289 793 contrahitur3

139 829 246 893 neque
269 810 383 894 incipit
413 821 522 876 motus
548 813 611 877 istc
640 813 852 878 successionis
881 835 996 897 aquae,
1022 824 1202 899 antequam
1232 817 1290 882 fiat

139 915 299 978 extinctio
315 914 470 980 flammae
486 925 546 980 aut
566 915 768 998 refrigeratio
787 919 890 983 aeris:
920 918 1006 982 adeo
1023 927 1061 984 ut
1079 921 1207 999 medici,
1222 941 1290 1004 quo

138 1017 254 1081 fortius
276 1018 445 1082 attrahant
470 1028 637 1096 ventosae,
662 1029 790 1102 ponant
819 1021 974 1104 spongias
1001 1021 1137 1105 frigidas
1146 1022 1175 1062 ⁹⁰
1202 1045 1290 1107 aqua

138 1121 341 1186 madefactas
364 1139 463 1204 super
483 1121 680 1187 ventosas⁹¹.
726 1124 844 1206 Itaque
874 1144 941 1188 non
972 1133 1023 1188 est
1054 1145 1111 1190 cur
1134 1125 1288 1191 homines

139 1222 279 1288 multum
309 1225 371 1290 sibi
401 1234 552 1291 metuant
580 1226 624 1290 de
652 1224 740 1290 facili
772 1227 866 1290 exitu
899 1227 983 1290 aeris
1014 1235 1073 1292 aut
1104 1229 1288 1312 spirituum.

139 1327 235 1393 Licet
253 1329 341 1392 enim
363 1349 477 1394 verum
499 1329 543 1394 sit
566 1329 666 1393 etiam
688 1328 887 1393 solidissima
909 1349 1047 1412 corpora
1069 1329 1191 1396 habere
1213 1353 1290 1397 suos

138 1449 244 1512 poros,
269 1441 382 1496 tamen
407 1453 507 1515 aegre
534 1432 658 1514 patitur
680 1437 738 1495 aer
760 1441 819 1496 aut
840 1432 974 1514 spiritus
996 1433 1289 1498 comminutionem

137 1535 187 1596 sui
213 1536 257 1599 ad
281 1545 410 1601 tantam
436 1537 674 1614 subtilitatem3
708 1538 993 1619 quemadmodum
1020 1545 1054 1602 et
1079 1559 1167 1620 aqua
1198 1539 1290 1605 exire

137 1648 267 1703 recusat
282 1659 341 1721 per
355 1641 473 1704 rimam
490 1640 717 1705 minusculam.

179 1739 229 1827 (a)
252 1743 306 1807 De
335 1745 483 1808 secundo
510 1765 588 1808 vero
623 1745 725 1808 modo
757 1764 802 1806 ex
835 1753 966 1826 septem
998 1743 1176 1827 praedictis
1208 1745 1288 1811 illud

136 1843 296 1927 imprimis
318 1848 502 1912 notandum
525 1856 583 1920 est,
602 1845 712 1910 valere
734 1855 823 1910 certe
845 1846 1104 1928 compressiones
1121 1857 1156 1912 et
1177 1848 1289 1930 hujus·

137 1948 228 2011 modi
257 1949 430 2013 violentias
459 1950 502 2014 ad
533 1958 662 2013 motum
692 1947 843 2027 localem,
872 1958 975 2032 atque
1003 1949 1070 2014 alia
1103 1951 1138 2014 id
1174 1971 1289 2032 genus,

136 2051 383 2131 potentissime3
418 2061 454 2116 ut
484 2052 518 2114 in
548 2051 707 2116 machinis
734 2061 768 2116 et
795 2051 992 2117 missilibus:
1025 2053 1127 2118 etiam
1156 2055 1200 2118 ad
1231 2054 1288 2119 de·

137 2153 351 2216 structionem
380 2154 525 2238 corporis
555 2153 709 2236 organici,
739 2162 841 2236 atque
870 2175 983 2219 earum
1012 2156 1172 2221 virtutum
1199 2177 1288 2239 quae

137 2255 320 2319 consistunt
345 2255 444 2338 plane
467 2257 500 2318 in
528 2265 630 2320 motu.
684 2256 803 2320 Omnis
833 2257 920 2322 enim
949 2257 1030 2335 vita,
1053 2259 1156 2324 immo
1186 2261 1286 2324 etiam

136 2357 245 2421 omnis
270 2357 404 2422 flamma
427 2369 461 2422 et
483 2358 600 2440 ignitio
609 2357 636 2396 ⁹²
658 2358 839 2423 destruitur
859 2379 918 2442 per
940 2363 1219 2443 compressionem
1249 2373 1287 2427 ut

136 2470 171 2525 et
196 2461 304 2525 omnis
330 2460 482 2526 machina
508 2461 727 2544 corrumpitur
752 2472 787 2526 et
813 2463 1025 2528 confunditur
1054 2484 1114 2546 per
1142 2463 1285 2530 easdem.

136 2564 249 2628 Etiam
264 2565 308 2628 ad
323 2565 579 2629 destructionem
592 2565 752 2628 virtutum
768 2586 853 2647 quae
867 2567 1053 2630 consistunt
1070 2567 1104 2630 in
1122 2567 1286 2648 posituris,

135 2675 169 2731 et
195 2668 452 2732 dissimilaritate
481 2667 623 2751 partium
653 2667 754 2750 paulo
783 2667 959 2746 crassiore3
994 2677 1031 2732 ut
1060 2669 1093 2732 in
1123 2669 1285 2734 coloribus

134 2767 256 2855 (neque
271 2771 359 2834 enim
375 2771 464 2836 idem
479 2770 569 2836 color
583 2769 672 2834 floris
687 2769 805 2853 integri
825 2780 859 2835 et
878 2771 1016 2850 contusi,
1036 2791 1143 2854 neque
1162 2771 1285 2836 succini

135 2874 252 2955 integri
268 2883 302 2939 et
317 2873 544 2959 pulverizati);
575 2875 675 2938 etiam
698 2874 731 2937 in
753 2874 925 2957 saporibus
943 2873 1068 2960 (neque
1088 2876 1176 2938 enim
1195 2875 1283 2939 idem

134 2996 233 3058 sapor
254 2977 327 3059 pyri
350 2977 525 3056 immaturi,
543 2985 577 3042 et
597 2977 745 3059 ejusdem
764 2977 943 3058 compressi
964 2997 1005 3040 ac
1026 2977 1175 3056 subacti;
1206 2997 1283 3041 nam

169 3191 191 3225 ⁸⁰
209 3195 265 3247 Mr.
284 3194 350 3247 Ellis
371 3211 503 3265 proposes
523 3199 554 3248 to
575 3195 642 3249 read
662 3193 769 3262 frigida,
786 3191 875 3247 which
895 3194 917 3246 is
937 3193 1127 3263 undoubtedly
1144 3195 1192 3249 the
1210 3194 1284 3262 right

133 3278 218 3332 word.
256 3280 307 3332 See
319 3278 367 3332 the
378 3277 594 3348 corresponding
606 3294 716 3347 passage
728 3278 755 3330 in
767 3277 816 3332 the
831 3277 956 3332 Historia
969 3277 1055 3332 Densi
1066 3285 1098 3332 et
1112 3279 1186 3333 Rari.

168 3359 188 3392 ⁹¹
208 3361 302 3416 These
321 3364 507 3431 experiments
524 3379 571 3417 are
590 3363 646 3416 also
663 3361 806 3416 described
822 3360 849 3415 iu
865 3359 913 3415 the
928 3361 1053 3416 Historia
1065 3362 1151 3416 Densi
1163 3367 1193 3416 et
1207 3361 1281 3429 Rari,

134 3443 167 3497 E.
180 3445 234 3498 and
253 3446 353 3512 s.,v01.
366 3445 392 3500 ii.
410 3463 437 3515 p.
452 3449 519 3511 267;
539 3447 569 3499 in
586 3445 635 3499 the
654 3445 842 3512 Cogitationes
861 3444 906 3499 De
925 3443 1032 3498 Natura
1052 3444 1166 3511 Rerum,
1180 3443 1232 3497 vol.
1244 3443 1280 3498 iii.

131 3543 177 3595 pp.
198 3545 281 3594 2⁴·53
307 3529 361 3582 and
381 3529 409 3582 in
428 3530 477 3583 the
495 3529 690 3583 Phaenomena
708 3529 843 3594 Universi,
863 3529 915 3582 rol.
934 3529 971 3582 iii.
989 3545 1017 3597 p.
1035 3543 1097 3591 71¹·
1140 3525 1279 3579 Notwith·

132 3609 259 3676 standing
275 3609 348 3662 what
365 3611 422 3664 Mr.
435 3611 550 3665 Kitchin
565 3627 635 3681 says,
650 3612 661 3664 1
680 3618 782 3665 cannot
800 3625 847 3663 see
864 3611 925 3664 that
938 3611 1054 3664 Baoon’s
1066 3608 1239 3676 explanation
1251 3607 1279 3660 in

132 3693 181 3745 the
193 3698 262 3759 text,
275 3692 361 3746 sofar
372 3709 401 3746 as
413 3695 435 3746 it
446 3709 520 3760 goes,
533 3693 555 3747 is
567 3709 676 3760 wrong;
696 3693 800 3759 though
817 3693 852 3745 he
863 3693 997 3760 certainly
1009 3707 1065 3744 was
1080 3697 1131 3744 not
1147 3705 1236 3744 aware
1251 3689 1283 3744 ol

133 3775 181 3830 the
194 3791 318 3844 pressure
331 3773 363 3829 of
372 3775 420 3831 the
432 3775 616 3845 atmosphere,
629 3774 683 3829 and
699 3777 725 3828 in
739 3775 787 3827 the
801 3775 927 3828 Historia
940 3774 1027 3827 Densi
1040 3779 1070 3826 et
1084 3772 1149 3826 Rari
1162 3772 1197 3826 he
1210 3772 1280 3826 him·

131 3857 185 3911 self
203 3857 290 3912 refers
307 3859 355 3912 the
374 3859 455 3926 rising
478 3859 510 3912 of
528 3859 576 3914 the
593 3857 660 3912 flesh
678 3857 771 3910 within
791 3857 838 3909 the
855 3856 1055 3924 cupping-glass
1076 3861 1107 3909 to
1128 3855 1278 3909 attraction

133 3942 198 4009 ‘per
215 3947 322 3995 motum
341 3941 445 3994 nexus!
482 3941 550 4008 still,
563 3940 598 3993 he
618 3941 639 3993 is
656 3939 729 4006 n'ght
746 3939 773 3992 in
791 3937 970 4005 maintaining
981 3937 1043 3992 that
1053 3938 1101 3992 the
1114 3939 1275 4006 ‘quantum'

131 4022 163 4076 os
178 4025 226 4078 the
245 4025 360 4078 rarefied
378 4025 420 4078 air
437 4024 531 4077 within
550 4024 598 4077 the
616 4039 669 4092 cup
687 4023 709 4075 is
727 4028 778 4075 not
796 4021 967 4088 diminished,
984 4021 1034 4074 but
1051 4020 1116 4090 only
1132 4021 1180 4073 the
1197 4037 1278 4089 space

130 4106 220 4160 which
234 4109 255 4160 it
268 4108 420 4176 previously
433 4107 504 4160 filled
516 4105 684 4172 contracted
690 4105 727 4175 by
738 4104 856 4171 cooling.
893 4103 956 4158 The
969 4109 1055 4158 water
1066 4121 1099 4157 or
1109 4103 1177 4158 flesh
1189 4103 1278 4157 which

129 4189 153 4242 is
165 4189 284 4244 covered
302 4191 338 4260 by
355 4190 404 4244 ὼε
421 4190 504 4244 vessel
522 4190 597 4257 rises,
610 4205 639 4242 as
657 4189 705 4242 me
723 4187 824 4242 heated
842 4188 882 4241 air
899 4187 975 4240 eoois
992 4187 1046 4241 and
1064 4192 1211 4254 contracte,
1223 4186 1277 4238 this

131 4272 213 4340 rising
225 4273 316 4340 being,
327 4290 357 4328 as
369 4289 411 4327 we
424 4289 487 4326 now
502 4273 594 4339 know,
605 4273 659 4326 due
679 4279 710 4326 to
728 4271 776 4325 the
794 4285 920 4340 pressure
938 4270 970 4323 of
985 4270 1032 4324 me
1050 4268 1224 4338 atmosphere
1239 4283 1276 4322 on

131 4354 179 4406 the
191 4361 265 4422 parts
278 4354 310 4407 of
319 4355 366 4408 me
379 4355 486 4409 suriace
498 4356 621 4409 external
635 4362 666 4408 to
678 4353 726 4408 the
739 4354 833 4406 vessel.

165 4435 187 4467 ⁸⁹
205 4438 398 4505 Compression
411 4445 477 4506 acts,
488 4439 516 4492 in
528 4439 582 4492 this
594 4453 665 4505 case,
676 4437 714 4506 by
723 4436 850 4504 stopping
862 4435 910 4488 the
922 4433 1017 4504 supply
1026 4432 1058 4487 of
1067 4449 1175 4504 oxygen
1187 4434 1277 4490 which

130 4517 274 4572 maintains
286 4519 333 4574 me
345 4520 528 4575 combustion.

655 4617 680 4669 0
695 4626 715 4668 0
732 4620 750 4668 2
