3308 5106
308 353 349 417 80
719 361 1049 422 INTRODUCTION.

305 554 389 595 suam
404 535 578 598 sententiam
592 533 734 605 stabilivit,
750 553 875 612 eamque
887 527 1048 596 rationibus
1062 535 1253 614 prudentibus
1268 537 1458 609 confirmavit,

307 653 342 694 ac
357 635 506 694 sententiis
525 633 686 693 artificiosis
703 643 732 692 et
749 633 887 710 jucundis
908 635 1064 696 illustravit.
1105 635 1191 709 Quae
1206 645 1305 698 tamen
1320 638 1345 697 si
1359 638 1461 696 omnia

305 734 346 793 ita
360 753 424 794 sese
437 733 566 810 praecise
580 731 611 790 in
626 742 727 792 natura
740 731 881 792 haberent
901 735 1152 810 quemadmodum
1169 735 1278 795 blanda
1296 739 1359 814 ejus
1373 737 1460 794 verba

306 842 478 909 supponunt
486 851 494 905 ;
518 832 582 909 quis
597 831 748 890 clariorem
761 849 893 908 unquam
906 833 936 892 in
951 844 1053 892 natura
1066 834 1162 893 lucem
1177 835 1374 895 desideraret?
1411 834 1459 894 Sic

306 941 336 992 et
361 932 466 992 caeteri
491 931 581 1008 ipsius
606 929 744 1002 asseclae,
767 929 937 1008 interpretes
959 941 988 990 et
1006 931 1138 1009 discipuli
1159 933 1255 993 eidem
1276 933 1403 992 acumini
1425 951 1459 992 ac

306 1031 453 1090 subtilitati
468 1031 646 1099 studuerunt,
662 1038 693 1089 ut
712 1029 809 1088 multis
829 1031 1003 1108 ambagibus
1017 1050 1052 1091 ac
1067 1032 1228 1092 artificiosis
1243 1031 1459 1108 ingeniosisque

307 1130 486 1208 argumentis
521 1147 588 1188 suas
615 1127 772 1204 opiniones
800 1129 947 1188 munirent
975 1138 1005 1190 et
1033 1130 1210 1190 stabilirent:
1245 1129 1331 1203 Quae
1362 1139 1460 1189 tamen

307 1229 408 1288 omnia
419 1229 448 1286 in
464 1227 656 1286 fundamento
671 1237 791 1286 naturae
806 1227 848 1286 nil
862 1227 918 1286 nisi
932 1227 1030 1287 fumus
1045 1238 1122 1300 sunt,
1137 1247 1172 1288 ac
1193 1229 1248 1289 flos
1269 1229 1409 1288 contritus
1430 1239 1459 1287 et

307 1327 455 1387 flaccidus.
492 1326 586 1385 Nobis
601 1335 698 1384 autem
713 1325 752 1383 ita
766 1343 937 1401 persuasum
951 1337 1004 1399 est,
1015 1338 1129 1404 praeter
1142 1329 1353 1388 beatitudinem
1368 1337 1459 1386 aeter·

307 1444 384 1498 nam,
406 1425 533 1485 hominis
552 1423 623 1482 nihil
644 1425 759 1501 uspiam
780 1424 916 1496 nobilius,
934 1435 984 1484 aut
1006 1427 1205 1501 praestabilius
1225 1437 1348 1496 exstare,
1369 1443 1459 1502 quam

307 1534 439 1585 naturam
454 1524 636 1602 cognovisse,
652 1542 686 1582 ac
702 1524 740 1581 ab
754 1523 801 1581 illa
815 1533 846 1582 ut
861 1543 879 1583 a
893 1525 1033 1600 magistra
1046 1525 1110 1601 ipsa
1125 1523 1349 1585 fundamentum
1368 1542 1458 1584 omne

306 1623 512 1701 Philosophiae
534 1623 678 1682 didicisse.
729 1623 799 1681 Hoc
822 1632 853 1680 ut
881 1623 1049 1683 statuimus:
1081 1625 1123 1683 sic
1151 1635 1253 1684 contra
1283 1624 1458 1683 damnamus

307 1724 433 1801 argutias
454 1723 622 1800 ingeniosas
644 1739 772 1800 quaese
797 1721 1016 1798 Philosophiam
1039 1723 1158 1799 jactant,
1180 1741 1236 1783 nee
1257 1733 1356 1783 tamen
1377 1724 1459 1800 quic·

307 1842 395 1901 quam
410 1823 496 1902 aliud,
512 1839 600 1899 quam
614 1821 716 1897 opinio
730 1820 864 1897 speciosa
879 1831 908 1880 et
927 1822 986 1880 suis
1000 1823 1084 1898 quasi
1104 1821 1225 1881 floribus
1239 1823 1318 1898 pieta
1331 1833 1360 1880 et
1375 1838 1458 1880 error-

307 1933 377 1982 nata
390 1933 433 1982 est
441 1921 481 1980 ⁷⁹!

348 2021 480 2080 Nizolius
502 2018 542 2099 (b.
571 2023 657 2096 1498,
681 2019 708 2078 d.
732 2019 822 2099 1566)
842 2019 872 2078 in
900 2019 946 2078 his
967 2019 1212 2079 ‘Anti-Barbarus
1233 2018 1457 2097 Philosophicus

308 2121 368 2182 sive
383 2120 572 2197 Philosophia
587 2119 833 2179 Scholasticorum
848 2119 1065 2196 impugnata⁸⁰‚'
1080 2119 1141 2178 first
1156 2118 1309 2196 published
1324 2120 1355 2177 in
1370 2134 1455 2195 1553,

307 2219 411 2296 begins
425 2229 455 2277 at
468 2237 543 2278 once
558 2219 625 2276 with
640 2237 679 2276 an
693 2216 790 2276 attaclr
811 2237 851 2276 on
866 2216 914 2276 the
929 2219 1059 2278 received
1074 2219 1162 2277 mode
1177 2218 1213 2277 os
1222 2217 1457 2296 philosophising

306 2317 366 2378 and
389 2317 438 2376 the
462 2317 624 2376 inordinate
649 2316 830 2393 importante
855 2317 991 2378 attached
1013 2327 1044 2376 to
1066 2317 1115 2376 the
1139 2318 1235 2378 works
1259 2319 1295 2376 of
1311 2317 1458 2376 Aristotle.

307 2416 374 2475 The
396 2417 526 2475 received
551 2414 734 2493 philosophy,
758 2414 794 2474 he
819 2434 893 2492 says,
911 2416 965 2476 has
984 2418 1052 2494 only
1072 2420 1148 2477 been
1170 2417 1235 2477 able
1261 2428 1292 2477 to
1316 2417 1457 2476 maintain

305 2515 385 2575 itself
402 2514 528 2592 through
550 2514 599 2573 the
619 2515 760 2574 rudeness
777 2514 811 2574 of
829 2513 876 2574 the
898 2515 983 2575 times
1004 2515 1063 2575 and
1085 2516 1134 2576 the
1155 2518 1314 2594 ignorance
1335 2515 1370 2575 of
1386 2532 1456 2574 men

308 2617 375 2692 ‘qui
397 2633 472 2692 quae
496 2632 515 2673 a
536 2614 711 2691 quibusdam
735 2614 860 2691 antiquis
883 2622 912 2672 et
935 2613 1056 2674 Graecis
1078 2615 1283 2692 scriptoribus,
1301 2635 1339 2675 ne
1360 2614 1457 2674 dicam

307 2715 505 2792 nugatoribus,
520 2714 695 2773 invenerunt
709 2713 812 2772 tradita
826 2723 855 2771 et
873 2711 963 2772 literis
977 2715 1158 2786 consignata,
1173 2731 1208 2773 ea
1222 2715 1322 2773 omnia
1336 2730 1456 2790 prorsus

307 2825 415 2873 temere
435 2823 463 2872 et
482 2814 545 2872 sine
566 2813 623 2871 ulla
644 2812 876 2871 consideratione
890 2822 1070 2888 receperunt,
1085 2823 1259 2889 receptaque
1275 2814 1456 2889 approbave-

306 2923 393 2970 mnt:
423 2911 544 2988 perinde
569 2930 604 2970 ac
628 2911 652 2970 si
681 2919 780 2969 essent
808 2909 924 2968 oracula
946 2910 1090 2986 quaedam
1114 2910 1256 2986 delphica,
1278 2921 1328 2970 aut
1349 2926 1457 2968 arcana

308 3010 443 3069 divinitus
458 3009 590 3078 revelata,
606 3027 680 3086 quae
695 3008 774 3067 nullo
790 3017 877 3083 pacto
900 3006 971 3067 falsa
990 3025 1055 3067 esse
1073 3006 1213 3084 possent!
1256 3008 1319 3067 Not
1338 3017 1457 3067 content

308 3106 375 3167 with
398 3107 455 3166 this
475 3107 745 3182 undiscriminating
766 3105 927 3179 deference,
950 3104 1018 3183 they
1039 3105 1112 3165 have
1132 3108 1219 3165 made
1241 3107 1289 3165 the
1310 3105 1403 3184 Logic
1424 3103 1461 3164 of

307 3206 445 3265 Aristotle
470 3223 503 3264 as
524 3205 545 3262 it
559 3222 633 3263 were
654 3204 702 3263 the
724 3205 797 3264 door
818 3215 849 3265 to
870 3205 908 3264 all
928 3204 1111 3282 knowledge,
1126 3205 1185 3264 and
1203 3205 1248 3265 his
1263 3204 1383 3283 Physics
1397 3202 1457 3262 and

307 3305 506 3382 Metaphysics
528 3303 575 3363 the
598 3314 685 3381 steps,
700 3322 733 3363 as
754 3305 775 3364 it
788 3322 871 3376 vere,
887 3316 918 3364 to
934 3304 983 3363 the
1001 3305 1120 3363 summit
1134 3304 1170 3364 ol
1178 3304 1309 3364 vvisdom.
1353 3303 1456 3377 ‘Quae

307 3407 406 3465 omnia
420 3423 476 3462 nos
490 3405 520 3462 in
536 3413 597 3462 toto
617 3402 674 3461 hoc
688 3419 778 3479 opere
793 3421 885 3480 usque
899 3403 975 3462 adeo
991 3403 1062 3463 salsa
1077 3414 1104 3462 et
1119 3421 1137 3462 a
1151 3403 1268 3462 veritate
1282 3402 1376 3462 aliena
1390 3419 1455 3461 esse

306 3521 407 3564 sumus
428 3503 580 3574 ostensuri,
594 3511 626 3560 ut
646 3511 748 3561 contra
768 3503 873 3578 potius,
889 3502 939 3578 qui
960 3518 1013 3578 per
1031 3502 1132 3560 omnia
1150 3501 1180 3559 in
1201 3502 1318 3560 veritate
1339 3500 1459 3559 investi·

304 3602 402 3679 ganda
430 3611 567 3678 sequatur
594 3610 750 3677 praecepta
777 3599 1144 3677 Pseudophilosophorum,
1170 3609 1199 3658 et
1226 3598 1376 3658 Aristoteli
1401 3597 1457 3658 soli

304 3702 425 3778 ejusque
453 3701 602 3760 doctrinae
631 3699 661 3757 in
684 3697 922 3775 philosophando
948 3699 983 3756 sit
1008 3698 1150 3769 addictus,
1172 3699 1198 3758 is
1223 3715 1375 3775 nunquam
1399 3713 1456 3755 nec

304 3810 379 3859 recte
405 3797 605 3877 philosophari
634 3815 689 3856 nec
716 3795 845 3874 perfecte
873 3797 1023 3856 veritatem
1051 3797 1179 3855 invenire
1208 3797 1301 3873 possit
1309 3796 1348 3855 ⁸¹!
1405 3793 1456 3852 He

304 3896 515 3968 recommends,
530 3895 646 3966 indeed,
662 3894 723 3956 that
737 3894 786 3953 the
800 3894 896 3954 works
911 3894 946 3954 of
956 3895 1096 3955 Aristotle
1110 3894 1216 3954 should
1234 3895 1271 3952 be
1293 3891 1456 3971 frequently

336 4165 356 4195 '⁹
372 4165 558 4215 Paradoxorum
570 4173 631 4215 tom.
643 4165 660 4216 i.
672 4164 721 4231 Op.
735 4165 810 4216 Omu.
820 4166 870 4219 vol.
883 4165 899 4215 i.
912 4181 937 4231 p.
947 4167 1002 4231 148.

337 4247 356 4275 ⁸⁰
372 4245 428 4294 The
439 4244 583 4294 alternative
595 4243 649 4293 title
662 4245 690 4294 oi
698 4244 748 4293 this
760 4244 829 4294 work
842 4245 862 4293 is
874 4244 928 4294 ‘De
941 4244 1003 4294 veris
1019 4243 1147 4309 principiis
1158 4250 1182 4293 et
1193 4259 1252 4293 vera
1269 4241 1365 4292 ratione
1376 4241 1458 4307 philo-

303 4321 427 4388 sophandi
443 4331 529 4371 'contra
546 4321 840 4386 Pseudo-Philosophos.’
874 4321 898 4372 It
912 4337 964 4371 was
981 4321 1139 4387 republished
1155 4329 1183 4371 at
1194 4321 1215 4369 F
1217 4318 1329 4370 rankiort
1345 4319 1370 4368 in
1385 4319 1458 4382 1674,

303 4399 363 4449 svith
375 4415 390 4447 a
402 4399 561 4463 preliminary
572 4399 728 4449 dissertation
741 4400 773 4462 by
786 4399 907 4449 Leibnitz.

336 4475 354 4506 ⁸¹
371 4475 566 4546 Anti-Barbarus
576 4476 775 4546 Phuosophicus,
788 4475 956 4538 Prooemium,
967 4475 1014 4527 Ed.
1027 4471 1147 4534 Leibnitz,
1160 4493 1201 4544 pp·
1213 4487 1233 4534 1,
1247 4489 1269 4526 2.
