<?xml version="1.0" encoding="UTF-8"?>
<!DOCTYPE html PUBLIC "-//W3C//DTD XHTML 1.0 Transitional//EN"
    "http://www.w3.org/TR/xhtml1/DTD/xhtml1-transitional.dtd">
<html xmlns="http://www.w3.org/1999/xhtml" xml:lang="en" lang="en">
 <head>
  <title>
</title>
<meta http-equiv="Content-Type" content="text/html;charset=utf-8" />
  <meta name='ocr-system' content='tesseract 3.04.00' />
  <meta name='ocr-capabilities' content='ocr_page ocr_carea ocr_par ocr_line ocrx_word'/>
</head>
<body>
  <div class='ocr_page' id='page_1' title='image "./baconsnovumorga01fowlgoog/baconsnovumorga01fowlgoog_0517.png"; bbox 0 0 3220 5102; ppageno 0'>
   <div class='ocr_carea' id='block_1_1' title="bbox 370 428 1145 508">
    <p class='ocr_par' dir='ltr' id='par_1_1' title="bbox 370 428 1145 508">
     <span class='ocr_line' id='line_1_1' title="bbox 370 428 1145 508; baseline -0.01 -16"><span class='ocrx_word' id='word_1_1' title='bbox 370 439 436 508; x_wconf 84' lang='lat'>494</span> <span class='ocrx_word' id='word_1_2' title='bbox 748 429 906 485; x_wconf 87' lang='lat' dir='ltr'><em>NOVUM</em></span> <span class='ocrx_word' id='word_1_3' title='bbox 926 428 1145 484; x_wconf 74' lang='lat' dir='ltr'>ORGANUM.</span> 
     </span>
    </p>
   </div>
   <div class='ocr_carea' id='block_1_2' title="bbox 347 591 1495 4427">
    <p class='ocr_par' dir='ltr' id='par_1_2' title="bbox 361 591 1495 2028">
     <span class='ocr_line' id='line_1_2' title="bbox 369 591 1495 678; baseline 0.002 -21"><span class='ocrx_word' id='word_1_4' title='bbox 369 594 472 660; x_wconf 91' lang='lat' dir='ltr'>instar</span> <span class='ocrx_word' id='word_1_5' title='bbox 487 594 706 678; x_wconf 86' lang='lat' dir='ltr'>undequaque</span> <span class='ocrx_word' id='word_1_6' title='bbox 722 595 886 658; x_wconf 89' lang='lat' dir='ltr'>extendit.</span> <span class='ocrx_word' id='word_1_7' title='bbox 931 592 971 657; x_wconf 92' lang='lat' dir='ltr'>Id</span> <span class='ocrx_word' id='word_1_8' title='bbox 992 603 1170 677; x_wconf 83' lang='lat' dir='ltr'>postquam</span> <span class='ocrx_word' id='word_1_9' title='bbox 1185 592 1310 658; x_wconf 84' lang='lat' dir='ltr'>iactum</span> <span class='ocrx_word' id='word_1_10' title='bbox 1330 591 1398 672; x_wconf 86' lang='lat' dir='ltr'>luit,</span> <span class='ocrx_word' id='word_1_11' title='bbox 1412 595 1495 659; x_wconf 90' lang='lat' dir='ltr'>conti·</span> 
     </span>
     <span class='ocr_line' id='line_1_3' title="bbox 370 698 1495 781; baseline 0.002 -21"><span class='ocrx_word' id='word_1_12' title='bbox 370 719 435 762; x_wconf 92' lang='lat' dir='ltr'>nuo</span> <span class='ocrx_word' id='word_1_13' title='bbox 450 700 572 762; x_wconf 86' lang='lat' dir='ltr'>vitrum</span> <span class='ocrx_word' id='word_1_14' title='bbox 586 698 629 762; x_wconf 92' lang='lat' dir='ltr'>ab</span> <span class='ocrx_word' id='word_1_15' title='bbox 646 699 722 780; x_wconf 85' lang='lat' dir='ltr'>igne</span> <span class='ocrx_word' id='word_1_16' title='bbox 737 699 945 776; x_wconf 89' lang='lat' dir='ltr'>removimus,</span> <span class='ocrx_word' id='word_1_17' title='bbox 960 709 996 761; x_wconf 90' lang='lat' dir='ltr'>et</span> <span class='ocrx_word' id='word_1_18' title='bbox 1012 719 1108 780; x_wconf 91' lang='lat' dir='ltr'>super</span> <span class='ocrx_word' id='word_1_19' title='bbox 1127 707 1276 781; x_wconf 90' lang='lat' dir='ltr'>tapetem</span> <span class='ocrx_word' id='word_1_20' title='bbox 1292 699 1451 780; x_wconf 80' lang='lat' dir='ltr'>posuimus</span> <span class='ocrx_word' id='word_1_21' title='bbox 1465 719 1495 762; x_wconf 87' lang='lat' dir='ltr'>ne</span> 
     </span>
     <span class='ocr_line' id='line_1_4' title="bbox 367 802 1494 886; baseline -0.003 -21"><span class='ocrx_word' id='word_1_22' title='bbox 367 803 486 886; x_wconf 82' lang='lat' dir='ltr'>frigore</span> <span class='ocrx_word' id='word_1_23' title='bbox 513 803 791 882; x_wconf 89' lang='lat' dir='ltr'>disrumperetur;</span> <span class='ocrx_word' id='word_1_24' title='bbox 823 803 936 865; x_wconf 89' lang='lat' dir='ltr'>statim</span> <span class='ocrx_word' id='word_1_25' title='bbox 960 823 1094 884; x_wconf 90' lang='lat' dir='ltr'>qnoque</span> <span class='ocrx_word' id='word_1_26' title='bbox 1118 802 1151 864; x_wconf 90' lang='lat' dir='ltr'>in</span> <span class='ocrx_word' id='word_1_27' title='bbox 1178 803 1371 866; x_wconf 83' lang='lat' dir='ltr'>summitate</span> <span class='ocrx_word' id='word_1_28' title='bbox 1391 803 1494 865; x_wconf 85' lang='lat' dir='ltr'>vesicae</span> 
     </span>
     <span class='ocr_line' id='line_1_5' title="bbox 367 905 1494 989; baseline 0 -20"><span class='ocrx_word' id='word_1_29' title='bbox 367 907 515 970; x_wconf 83' lang='lat' dir='ltr'>foramen</span> <span class='ocrx_word' id='word_1_30' title='bbox 535 905 680 984; x_wconf 84' lang='lat' dir='ltr'>fecimus,</span> <span class='ocrx_word' id='word_1_31' title='bbox 696 927 737 969; x_wconf 90' lang='lat' dir='ltr'>ne</span> <span class='ocrx_word' id='word_1_32' title='bbox 758 927 870 988; x_wconf 89' lang='lat' dir='ltr'>vapor,</span> <span class='ocrx_word' id='word_1_33' title='bbox 891 916 1041 970; x_wconf 85' lang='lat' dir='ltr'>cessante</span> <span class='ocrx_word' id='word_1_34' title='bbox 1059 905 1177 982; x_wconf 91' lang='lat' dir='ltr'>calore,</span> <span class='ocrx_word' id='word_1_35' title='bbox 1194 905 1227 968; x_wconf 92' lang='lat' dir='ltr'>in</span> <span class='ocrx_word' id='word_1_36' title='bbox 1248 906 1407 989; x_wconf 86' lang='lat' dir='ltr'>liquorem</span> <span class='ocrx_word' id='word_1_37' title='bbox 1423 907 1494 969; x_wconf 80' lang='lat' dir='ltr'>resti·</span> 
     </span>
     <span class='ocr_line' id='line_1_6' title="bbox 368 1010 1493 1088; baseline -0.004 -13"><span class='ocrx_word' id='word_1_38' title='bbox 368 1021 458 1076; x_wconf 90' lang='lat' dir='ltr'>tutus</span> <span class='ocrx_word' id='word_1_39' title='bbox 485 1012 652 1088; x_wconf 88' lang='lat' dir='ltr'>resideret,</span> <span class='ocrx_word' id='word_1_40' title='bbox 675 1020 708 1075; x_wconf 89' lang='lat' dir='ltr'>et</span> <span class='ocrx_word' id='word_1_41' title='bbox 731 1012 873 1074; x_wconf 86' lang='lat' dir='ltr'>rationes</span> <span class='ocrx_word' id='word_1_42' title='bbox 896 1010 1120 1074; x_wconf 88' lang='lat' dir='ltr'>confunderet.</span> <span class='ocrx_word' id='word_1_43' title='bbox 1165 1010 1254 1073; x_wconf 91' lang='lat' dir='ltr'>Tum</span> <span class='ocrx_word' id='word_1_44' title='bbox 1276 1031 1355 1074; x_wconf 91' lang='lat' dir='ltr'>vero</span> <span class='ocrx_word' id='word_1_45' title='bbox 1376 1011 1493 1074; x_wconf 84' lang='lat' dir='ltr'>vesicam</span> 
     </span>
     <span class='ocr_line' id='line_1_7' title="bbox 368 1114 1492 1198; baseline -0.002 -20"><span class='ocrx_word' id='word_1_46' title='bbox 368 1117 474 1197; x_wconf 86' lang='lat' dir='ltr'>ipsam</span> <span class='ocrx_word' id='word_1_47' title='bbox 501 1115 701 1188; x_wconf 88' lang='lat' dir='ltr'>sustulimus,</span> <span class='ocrx_word' id='word_1_48' title='bbox 730 1126 765 1179; x_wconf 90' lang='lat' dir='ltr'>et</span> <span class='ocrx_word' id='word_1_49' title='bbox 790 1136 900 1178; x_wconf 90' lang='lat' dir='ltr'>rursus</span> <span class='ocrx_word' id='word_1_50' title='bbox 922 1117 1051 1198; x_wconf 89' lang='lat' dir='ltr'>pondus</span> <span class='ocrx_word' id='word_1_51' title='bbox 1074 1116 1268 1197; x_wconf 85' lang='lat' dir='ltr'>excepimus</span> <span class='ocrx_word' id='word_1_52' title='bbox 1292 1115 1421 1197; x_wconf 84' lang='lat' dir='ltr'>spiritus</span> <span class='ocrx_word' id='word_1_53' title='bbox 1442 1114 1492 1176; x_wconf 88' lang='lat' dir='ltr'>vini</span> 
     </span>
     <span class='ocr_line' id='line_1_8' title="bbox 367 1218 1493 1302; baseline -0.003 -21"><span class='ocrx_word' id='word_1_54' title='bbox 367 1220 422 1302; x_wconf 92' lang='lat' dir='ltr'>qui</span> <span class='ocrx_word' id='word_1_55' title='bbox 435 1218 633 1282; x_wconf 87' lang='lat' dir='ltr'>remanebat.</span> <span class='ocrx_word' id='word_1_56' title='bbox 673 1218 756 1282; x_wconf 89' lang='lat' dir='ltr'>Inde</span> <span class='ocrx_word' id='word_1_57' title='bbox 765 1229 927 1301; x_wconf 90' lang='lat' dir='ltr'>quantum</span> <span class='ocrx_word' id='word_1_58' title='bbox 939 1229 1171 1300; x_wconf 83' lang='lat' dir='ltr'>consumptum</span> <span class='ocrx_word' id='word_1_59' title='bbox 1183 1219 1298 1282; x_wconf 87' lang='lat' dir='ltr'>fuisset</span> <span class='ocrx_word' id='word_1_60' title='bbox 1315 1220 1348 1280; x_wconf 92' lang='lat' dir='ltr'>in</span> <span class='ocrx_word' id='word_1_61' title='bbox 1363 1237 1493 1299; x_wconf 84' lang='lat' dir='ltr'>vaporem</span> 
     </span>
     <span class='ocr_line' id='line_1_9' title="bbox 366 1322 1492 1406; baseline -0.003 -21"><span class='ocrx_word' id='word_1_62' title='bbox 366 1343 423 1386; x_wconf 88' lang='lat' dir='ltr'>seu</span> <span class='ocrx_word' id='word_1_63' title='bbox 440 1323 687 1406; x_wconf 89' lang='lat' dir='ltr'>pneumaticum</span> <span class='ocrx_word' id='word_1_64' title='bbox 703 1323 987 1405; x_wconf 88' lang='lat' dir='ltr'>computavimus:</span> <span class='ocrx_word' id='word_1_65' title='bbox 1011 1331 1045 1386; x_wconf 91' lang='lat' dir='ltr'>et</span> <span class='ocrx_word' id='word_1_66' title='bbox 1060 1322 1148 1385; x_wconf 85' lang='lat' dir='ltr'>facta</span> <span class='ocrx_word' id='word_1_67' title='bbox 1163 1322 1342 1386; x_wconf 88' lang='lat' dir='ltr'>collatione</span> <span class='ocrx_word' id='word_1_68' title='bbox 1356 1331 1492 1404; x_wconf 88' lang='lat' dir='ltr'>quantum</span> 
     </span>
     <span class='ocr_line' id='line_1_10' title="bbox 366 1426 1493 1510; baseline -0.004 -20"><span class='ocrx_word' id='word_1_69' title='bbox 366 1428 474 1490; x_wconf 88' lang='lat' dir='ltr'>locum</span> <span class='ocrx_word' id='word_1_70' title='bbox 503 1428 571 1490; x_wconf 92' lang='lat' dir='ltr'>sive</span> <span class='ocrx_word' id='word_1_71' title='bbox 601 1427 745 1509; x_wconf 89' lang='lat' dir='ltr'>spatium</span> <span class='ocrx_word' id='word_1_72' title='bbox 783 1426 863 1490; x_wconf 93' lang='lat' dir='ltr'>illud</span> <span class='ocrx_word' id='word_1_73' title='bbox 902 1447 1021 1509; x_wconf 90' lang='lat' dir='ltr'>corpus</span> <span class='ocrx_word' id='word_1_74' title='bbox 1057 1427 1228 1510; x_wconf 88' lang='lat' dir='ltr'>implesset</span> <span class='ocrx_word' id='word_1_75' title='bbox 1264 1427 1399 1509; x_wconf 89' lang='lat' dir='ltr'>quando</span> <span class='ocrx_word' id='word_1_76' title='bbox 1426 1433 1493 1487; x_wconf 86' lang='lat' dir='ltr'>esset</span> 
     </span>
     <span class='ocr_line' id='line_1_11' title="bbox 364 1530 1491 1615; baseline -0.003 -22"><span class='ocrx_word' id='word_1_77' title='bbox 364 1533 497 1614; x_wconf 91' lang='lat' dir='ltr'>spiritus</span> <span class='ocrx_word' id='word_1_78' title='bbox 510 1531 578 1594; x_wconf 91' lang='lat' dir='ltr'>vini</span> <span class='ocrx_word' id='word_1_79' title='bbox 599 1531 632 1593; x_wconf 95' lang='lat' dir='ltr'>in</span> <span class='ocrx_word' id='word_1_80' title='bbox 656 1531 776 1613; x_wconf 87' lang='lat' dir='ltr'>phiala,</span> <span class='ocrx_word' id='word_1_81' title='bbox 792 1542 826 1595; x_wconf 91' lang='lat' dir='ltr'>et</span> <span class='ocrx_word' id='word_1_82' title='bbox 849 1552 958 1596; x_wconf 89' lang='lat' dir='ltr'>rursus</span> <span class='ocrx_word' id='word_1_83' title='bbox 980 1542 1141 1614; x_wconf 90' lang='lat' dir='ltr'>quantum</span> <span class='ocrx_word' id='word_1_84' title='bbox 1164 1531 1309 1615; x_wconf 89' lang='lat' dir='ltr'>spatium</span> <span class='ocrx_word' id='word_1_85' title='bbox 1333 1530 1491 1612; x_wconf 76' lang='lat' dir='ltr'>impleverit</span> 
     </span>
     <span class='ocr_line' id='line_1_12' title="bbox 364 1633 1491 1719; baseline -0.004 -21"><span class='ocrx_word' id='word_1_86' title='bbox 364 1643 543 1718; x_wconf 90' lang='lat' dir='ltr'>postquam</span> <span class='ocrx_word' id='word_1_87' title='bbox 573 1634 697 1699; x_wconf 85' lang='lat' dir='ltr'>factum</span> <span class='ocrx_word' id='word_1_88' title='bbox 727 1634 843 1699; x_wconf 84' lang='lat' dir='ltr'>fuisset</span> <span class='ocrx_word' id='word_1_89' title='bbox 873 1637 1119 1719; x_wconf 86' lang='lat' dir='ltr'>pneumaticum</span> <span class='ocrx_word' id='word_1_90' title='bbox 1150 1637 1184 1698; x_wconf 91' lang='lat' dir='ltr'>in</span> <span class='ocrx_word' id='word_1_91' title='bbox 1220 1636 1340 1710; x_wconf 89' lang='lat' dir='ltr'>vesica,</span> <span class='ocrx_word' id='word_1_92' title='bbox 1375 1633 1491 1696; x_wconf 86' lang='lat' dir='ltr'>rationes</span> 
     </span>
     <span class='ocr_line' id='line_1_13' title="bbox 363 1737 1490 1822; baseline -0.004 -20"><span class='ocrx_word' id='word_1_93' title='bbox 363 1740 602 1804; x_wconf 90' lang='lat' dir='ltr'>subduximus:</span> <span class='ocrx_word' id='word_1_94' title='bbox 634 1760 678 1803; x_wconf 91' lang='lat' dir='ltr'>ex</span> <span class='ocrx_word' id='word_1_95' title='bbox 700 1740 819 1821; x_wconf 92' lang='lat' dir='ltr'>quibus</span> <span class='ocrx_word' id='word_1_96' title='bbox 842 1739 1016 1804; x_wconf 83' lang='lat' dir='ltr'>manifeste</span> <span class='ocrx_word' id='word_1_97' title='bbox 1038 1739 1195 1822; x_wconf 91' lang='lat' dir='ltr'>liquebat,</span> <span class='ocrx_word' id='word_1_98' title='bbox 1214 1760 1337 1822; x_wconf 90' lang='lat' dir='ltr'>corpus</span> <span class='ocrx_word' id='word_1_99' title='bbox 1359 1738 1437 1801; x_wconf 90' lang='lat' dir='ltr'>istud</span> <span class='ocrx_word' id='word_1_100' title='bbox 1457 1737 1490 1798; x_wconf 85' lang='lat' dir='ltr'>ita</span> 
     </span>
     <span class='ocr_line' id='line_1_14' title="bbox 361 1841 1489 1926; baseline -0.004 -21"><span class='ocrx_word' id='word_1_101' title='bbox 361 1863 492 1906; x_wconf 89' lang='lat' dir='ltr'>versum</span> <span class='ocrx_word' id='word_1_102' title='bbox 520 1851 553 1905; x_wconf 91' lang='lat' dir='ltr'>et</span> <span class='ocrx_word' id='word_1_103' title='bbox 581 1850 746 1905; x_wconf 89' lang='lat' dir='ltr'>mutatum</span> <span class='ocrx_word' id='word_1_104' title='bbox 773 1842 1012 1925; x_wconf 86' lang='lat' dir='ltr'>expansionem</span> <span class='ocrx_word' id='word_1_105' title='bbox 1039 1841 1196 1925; x_wconf 92' lang='lat' dir='ltr'>centuplo</span> <span class='ocrx_word' id='word_1_106' title='bbox 1227 1843 1386 1926; x_wconf 91' lang='lat' dir='ltr'>majorem</span> <span class='ocrx_word' id='word_1_107' title='bbox 1411 1859 1489 1923; x_wconf 88' lang='lat' dir='ltr'>quan</span> 
     </span>
     <span class='ocr_line' id='line_1_15' title="bbox 362 1945 877 2028; baseline 0.004 -18"><span class='ocrx_word' id='word_1_108' title='bbox 362 1956 461 2010; x_wconf 88' lang='lat' dir='ltr'>antea</span> <span class='ocrx_word' id='word_1_109' title='bbox 474 1945 644 2010; x_wconf 89' lang='lat' dir='ltr'>habuisset</span> <span class='ocrx_word' id='word_1_110' title='bbox 659 1947 877 2028; x_wconf 89' lang='lat' dir='ltr'>acquisivisse.</span> 
     </span>
    </p>

    <p class='ocr_par' dir='ltr' id='par_1_3' title="bbox 358 2048 1488 2861">
     <span class='ocr_line' id='line_1_16' title="bbox 407 2048 1488 2136; baseline -0.001 -23"><span class='ocrx_word' id='word_1_111' title='bbox 407 2048 566 2113; x_wconf 89' lang='lat' dir='ltr'>Similiter</span> <span class='ocrx_word' id='word_1_112' title='bbox 586 2051 628 2113; x_wconf 93' lang='lat' dir='ltr'>sit</span> <span class='ocrx_word' id='word_1_113' title='bbox 648 2059 764 2114; x_wconf 90' lang='lat' dir='ltr'>natura</span> <span class='ocrx_word' id='word_1_114' title='bbox 784 2052 938 2134; x_wconf 88' lang='lat' dir='ltr'>inquisita</span> <span class='ocrx_word' id='word_1_115' title='bbox 955 2052 1052 2118; x_wconf 89' lang='lat' dir='ltr'>Calor</span> <span class='ocrx_word' id='word_1_116' title='bbox 1068 2065 1124 2117; x_wconf 91' lang='lat' dir='ltr'>aut</span> <span class='ocrx_word' id='word_1_117' title='bbox 1140 2052 1257 2136; x_wconf 86' lang='lat' dir='ltr'>Frigus</span> <span class='ocrx_word' id='word_1_118' title='bbox 1265 2075 1276 2128; x_wconf 88' lang='lat'>;</span> <span class='ocrx_word' id='word_1_119' title='bbox 1302 2051 1373 2134; x_wconf 91' lang='lat' dir='ltr'>ejus</span> <span class='ocrx_word' id='word_1_120' title='bbox 1391 2067 1488 2130; x_wconf 88' lang='lat' dir='ltr'>nempe</span> 
     </span>
     <span class='ocr_line' id='line_1_17' title="bbox 361 2153 1487 2239; baseline -0.002 -23"><span class='ocrx_word' id='word_1_121' title='bbox 361 2154 492 2234; x_wconf 84' lang='lat' dir='ltr'>gradus,</span> <span class='ocrx_word' id='word_1_122' title='bbox 508 2163 545 2217; x_wconf 91' lang='lat' dir='ltr'>ut</span> <span class='ocrx_word' id='word_1_123' title='bbox 559 2175 579 2216; x_wconf 92' lang='lat' dir='ltr'>a</span> <span class='ocrx_word' id='word_1_124' title='bbox 594 2175 692 2217; x_wconf 91' lang='lat' dir='ltr'>sensu</span> <span class='ocrx_word' id='word_1_125' title='bbox 709 2175 771 2218; x_wconf 92' lang='lat' dir='ltr'>non</span> <span class='ocrx_word' id='word_1_126' title='bbox 789 2157 1011 2239; x_wconf 88' lang='lat' dir='ltr'>percipiantur</span> <span class='ocrx_word' id='word_1_127' title='bbox 1025 2158 1069 2220; x_wconf 93' lang='lat' dir='ltr'>ob</span> <span class='ocrx_word' id='word_1_128' title='bbox 1084 2157 1301 2221; x_wconf 89' lang='lat' dir='ltr'>debilitatem.</span> <span class='ocrx_word' id='word_1_129' title='bbox 1346 2155 1433 2218; x_wconf 88' lang='lat' dir='ltr'>Haec</span> <span class='ocrx_word' id='word_1_130' title='bbox 1445 2153 1487 2214; x_wconf 88' lang='lat' dir='ltr'>de·</span> 
     </span>
     <span class='ocr_line' id='line_1_18' title="bbox 361 2257 1487 2343; baseline -0.002 -23"><span class='ocrx_word' id='word_1_131' title='bbox 361 2258 525 2321; x_wconf 91' lang='lat' dir='ltr'>ducuntur</span> <span class='ocrx_word' id='word_1_132' title='bbox 553 2258 596 2321; x_wconf 92' lang='lat' dir='ltr'>ad</span> <span class='ocrx_word' id='word_1_133' title='bbox 627 2278 759 2322; x_wconf 88' lang='lat' dir='ltr'>sensum</span> <span class='ocrx_word' id='word_1_134' title='bbox 789 2280 849 2341; x_wconf 90' lang='lat' dir='ltr'>per</span> <span class='ocrx_word' id='word_1_135' title='bbox 876 2261 997 2325; x_wconf 91' lang='lat' dir='ltr'>vitrum</span> <span class='ocrx_word' id='word_1_136' title='bbox 1027 2262 1210 2336; x_wconf 88' lang='lat' dir='ltr'>calendare,</span> <span class='ocrx_word' id='word_1_137' title='bbox 1235 2259 1335 2343; x_wconf 91' lang='lat' dir='ltr'>quale</span> <span class='ocrx_word' id='word_1_138' title='bbox 1364 2257 1487 2341; x_wconf 89' lang='lat' dir='ltr'>superius</span> 
     </span>
     <span class='ocr_line' id='line_1_19' title="bbox 360 2361 1487 2449; baseline -0.004 -25"><span class='ocrx_word' id='word_1_139' title='bbox 360 2361 592 2444; x_wconf 91' lang='lat' dir='ltr'>descripsimus</span> <span class='ocrx_word' id='word_1_140' title='bbox 601 2361 635 2424; x_wconf 76' lang='lat'>⁰¹.</span> <span class='ocrx_word' id='word_1_141' title='bbox 682 2363 780 2428; x_wconf 88' lang='lat' dir='ltr'>Calor</span> <span class='ocrx_word' id='word_1_142' title='bbox 802 2366 889 2427; x_wconf 92' lang='lat' dir='ltr'>enim</span> <span class='ocrx_word' id='word_1_143' title='bbox 912 2375 946 2430; x_wconf 89' lang='lat' dir='ltr'>et</span> <span class='ocrx_word' id='word_1_144' title='bbox 968 2365 1078 2448; x_wconf 65' lang='lat' dir='ltr'>frigus</span> <span class='ocrx_word' id='word_1_145' title='bbox 1098 2367 1169 2449; x_wconf 92' lang='lat' dir='ltr'>ipsa</span> <span class='ocrx_word' id='word_1_146' title='bbox 1194 2385 1260 2428; x_wconf 91' lang='lat' dir='ltr'>non</span> <span class='ocrx_word' id='word_1_147' title='bbox 1288 2364 1487 2447; x_wconf 85' lang='lat' dir='ltr'>percipiuntur</span> 
     </span>
     <span class='ocr_line' id='line_1_20' title="bbox 358 2466 1486 2554; baseline 0 -25"><span class='ocrx_word' id='word_1_148' title='bbox 358 2467 402 2529; x_wconf 87' lang='lat' dir='ltr'>ad</span> <span class='ocrx_word' id='word_1_149' title='bbox 419 2475 565 2545; x_wconf 85' lang='lat' dir='ltr'>tactum3</span> <span class='ocrx_word' id='word_1_150' title='bbox 589 2475 623 2531; x_wconf 92' lang='lat' dir='ltr'>at</span> <span class='ocrx_word' id='word_1_151' title='bbox 639 2466 728 2532; x_wconf 89' lang='lat' dir='ltr'>calor</span> <span class='ocrx_word' id='word_1_152' title='bbox 742 2475 852 2532; x_wconf 72' lang='lat' dir='ltr'>aerem</span> <span class='ocrx_word' id='word_1_153' title='bbox 868 2471 1038 2553; x_wconf 90' lang='lat' dir='ltr'>expandit,</span> <span class='ocrx_word' id='word_1_154' title='bbox 1055 2470 1156 2554; x_wconf 85' lang='lat' dir='ltr'>frigus</span> <span class='ocrx_word' id='word_1_155' title='bbox 1171 2469 1345 2534; x_wconf 89' lang='lat' dir='ltr'>contrahit.</span> <span class='ocrx_word' id='word_1_156' title='bbox 1390 2467 1486 2546; x_wconf 86' lang='lat' dir='ltr'>Neque</span> 
     </span>
     <span class='ocr_line' id='line_1_21' title="bbox 359 2569 1486 2657; baseline -0.003 -25"><span class='ocrx_word' id='word_1_157' title='bbox 359 2589 469 2633; x_wconf 89' lang='lat' dir='ltr'>rursus</span> <span class='ocrx_word' id='word_1_158' title='bbox 488 2569 544 2634; x_wconf 89' lang='lat' dir='ltr'>illa</span> <span class='ocrx_word' id='word_1_159' title='bbox 560 2572 719 2652; x_wconf 88' lang='lat' dir='ltr'>expansio</span> <span class='ocrx_word' id='word_1_160' title='bbox 736 2581 769 2634; x_wconf 91' lang='lat' dir='ltr'>et</span> <span class='ocrx_word' id='word_1_161' title='bbox 784 2574 964 2638; x_wconf 91' lang='lat' dir='ltr'>contractio</span> <span class='ocrx_word' id='word_1_162' title='bbox 980 2575 1062 2637; x_wconf 75' lang='lat' dir='ltr'>aeris</span> <span class='ocrx_word' id='word_1_163' title='bbox 1078 2575 1254 2657; x_wconf 90' lang='lat' dir='ltr'>percipitur</span> <span class='ocrx_word' id='word_1_164' title='bbox 1267 2574 1311 2637; x_wconf 90' lang='lat' dir='ltr'>ad</span> <span class='ocrx_word' id='word_1_165' title='bbox 1328 2573 1445 2646; x_wconf 87' lang='lat' dir='ltr'>visum;</span> <span class='ocrx_word' id='word_1_166' title='bbox 1461 2577 1486 2629; x_wconf 82' lang='lat' dir='ltr'>at</span> 
     </span>
     <span class='ocr_line' id='line_1_22' title="bbox 360 2674 1484 2760; baseline -0.001 -24"><span class='ocrx_word' id='word_1_167' title='bbox 360 2679 416 2736; x_wconf 88' lang='lat' dir='ltr'>a&#39;e&#39;r</span> <span class='ocrx_word' id='word_1_168' title='bbox 431 2674 486 2739; x_wconf 92' lang='lat' dir='ltr'>ille</span> <span class='ocrx_word' id='word_1_169' title='bbox 502 2696 669 2757; x_wconf 91' lang='lat' dir='ltr'>expansus</span> <span class='ocrx_word' id='word_1_170' title='bbox 684 2695 806 2757; x_wconf 89' lang='lat' dir='ltr'>aquam</span> <span class='ocrx_word' id='word_1_171' title='bbox 822 2677 983 2760; x_wconf 88' lang='lat' dir='ltr'>deprimit,</span> <span class='ocrx_word' id='word_1_172' title='bbox 1001 2688 1188 2742; x_wconf 90' lang='lat' dir='ltr'>contractus</span> <span class='ocrx_word' id='word_1_173' title='bbox 1204 2676 1349 2755; x_wconf 90' lang='lat' dir='ltr'>attollit;</span> <span class='ocrx_word' id='word_1_174' title='bbox 1371 2695 1408 2740; x_wconf 87' lang='lat' dir='ltr'>ac</span> <span class='ocrx_word' id='word_1_175' title='bbox 1430 2684 1484 2738; x_wconf 83' lang='lat' dir='ltr'>turn</span> 
     </span>
     <span class='ocr_line' id='line_1_23' title="bbox 358 2779 1270 2861; baseline 0.003 -20"><span class='ocrx_word' id='word_1_176' title='bbox 358 2780 493 2842; x_wconf 90' lang='lat' dir='ltr'>demum</span> <span class='ocrx_word' id='word_1_177' title='bbox 509 2779 547 2842; x_wconf 87' lang='lat' dir='ltr'>fit</span> <span class='ocrx_word' id='word_1_178' title='bbox 562 2781 717 2843; x_wconf 92' lang='lat' dir='ltr'>deductio</span> <span class='ocrx_word' id='word_1_179' title='bbox 734 2781 776 2843; x_wconf 91' lang='lat' dir='ltr'>ad</span> <span class='ocrx_word' id='word_1_180' title='bbox 792 2781 908 2860; x_wconf 91' lang='lat' dir='ltr'>visum,</span> <span class='ocrx_word' id='word_1_181' title='bbox 923 2803 988 2846; x_wconf 92' lang='lat' dir='ltr'>non</span> <span class='ocrx_word' id='word_1_182' title='bbox 1005 2793 1090 2861; x_wconf 91' lang='lat' dir='ltr'>ante,</span> <span class='ocrx_word' id='word_1_183' title='bbox 1105 2791 1163 2847; x_wconf 92' lang='lat' dir='ltr'>aut</span> <span class='ocrx_word' id='word_1_184' title='bbox 1178 2782 1270 2846; x_wconf 89' lang='lat' dir='ltr'>alias.</span> 
     </span>
    </p>

    <p class='ocr_par' dir='ltr' id='par_1_4' title="bbox 347 2879 1482 4427">
     <span class='ocr_line' id='line_1_24' title="bbox 400 2879 1482 2970; baseline 0.001 -23"><span class='ocrx_word' id='word_1_185' title='bbox 400 2881 558 2947; x_wconf 88' lang='lat' dir='ltr'>Similiter</span> <span class='ocrx_word' id='word_1_186' title='bbox 576 2885 618 2948; x_wconf 91' lang='lat' dir='ltr'>sit</span> <span class='ocrx_word' id='word_1_187' title='bbox 640 2893 757 2948; x_wconf 88' lang='lat' dir='ltr'>natura</span> <span class='ocrx_word' id='word_1_188' title='bbox 777 2884 932 2968; x_wconf 91' lang='lat' dir='ltr'>inquisita</span> <span class='ocrx_word' id='word_1_189' title='bbox 954 2887 1094 2952; x_wconf 86' lang='lat' dir='ltr'>Mistura</span> <span class='ocrx_word' id='word_1_190' title='bbox 1116 2887 1320 2970; x_wconf 88' lang='lat' dir='ltr'>Corporum:</span> <span class='ocrx_word' id='word_1_191' title='bbox 1343 2885 1402 2949; x_wconf 87' lang='lat' dir='ltr'>viz.</span> <span class='ocrx_word' id='word_1_192' title='bbox 1421 2879 1482 2965; x_wconf 86' lang='lat' dir='ltr'>quid</span> 
     </span>
     <span class='ocr_line' id='line_1_25' title="bbox 355 2983 1481 3075; baseline 0 -28"><span class='ocrx_word' id='word_1_193' title='bbox 355 2983 500 3050; x_wconf 89' lang='lat' dir='ltr'>habeant</span> <span class='ocrx_word' id='word_1_194' title='bbox 523 3008 566 3050; x_wconf 90' lang='lat' dir='ltr'>ex</span> <span class='ocrx_word' id='word_1_195' title='bbox 590 3007 706 3069; x_wconf 92' lang='lat' dir='ltr'>aque0,</span> <span class='ocrx_word' id='word_1_196' title='bbox 725 2989 804 3070; x_wconf 92' lang='lat' dir='ltr'>quid</span> <span class='ocrx_word' id='word_1_197' title='bbox 828 3010 872 3052; x_wconf 89' lang='lat' dir='ltr'>ex</span> <span class='ocrx_word' id='word_1_198' title='bbox 895 2990 1016 3068; x_wconf 92' lang='lat' dir='ltr'>oleos0,</span> <span class='ocrx_word' id='word_1_199' title='bbox 1038 2993 1118 3075; x_wconf 91' lang='lat' dir='ltr'>quid</span> <span class='ocrx_word' id='word_1_200' title='bbox 1141 3012 1185 3055; x_wconf 89' lang='lat' dir='ltr'>ex</span> <span class='ocrx_word' id='word_1_201' title='bbox 1209 2990 1336 3072; x_wconf 89' lang='lat' dir='ltr'>spiritu,</span> <span class='ocrx_word' id='word_1_202' title='bbox 1358 2987 1481 3071; x_wconf 88' lang='lat' dir='ltr'>quidex</span> 
     </span>
     <span class='ocr_line' id='line_1_26' title="bbox 355 3086 1479 3180; baseline 0.004 -30"><span class='ocrx_word' id='word_1_203' title='bbox 355 3088 461 3151; x_wconf 91' lang='lat' dir='ltr'>cinere</span> <span class='ocrx_word' id='word_1_204' title='bbox 478 3098 510 3152; x_wconf 90' lang='lat' dir='ltr'>et</span> <span class='ocrx_word' id='word_1_205' title='bbox 529 3089 660 3169; x_wconf 90' lang='lat' dir='ltr'>salibus,</span> <span class='ocrx_word' id='word_1_206' title='bbox 676 3100 710 3154; x_wconf 91' lang='lat' dir='ltr'>et</span> <span class='ocrx_word' id='word_1_207' title='bbox 725 3091 934 3172; x_wconf 84' lang='lat' dir='ltr'>hujusmodi;</span> <span class='ocrx_word' id='word_1_208' title='bbox 958 3093 1010 3157; x_wconf 91' lang='lat' dir='ltr'>vel</span> <span class='ocrx_word' id='word_1_209' title='bbox 1027 3095 1126 3158; x_wconf 90' lang='lat' dir='ltr'>etiam</span> <span class='ocrx_word' id='word_1_210' title='bbox 1142 3092 1190 3180; x_wconf 83' lang='lat' dir='ltr'>(in</span> <span class='ocrx_word' id='word_1_211' title='bbox 1206 3088 1406 3176; x_wconf 86' lang='lat' dir='ltr'>particulari)</span> <span class='ocrx_word' id='word_1_212' title='bbox 1419 3086 1479 3170; x_wconf 79' lang='lat' dir='ltr'>quid</span> 
     </span>
     <span class='ocr_line' id='line_1_27' title="bbox 353 3189 1479 3281; baseline 0.001 -27"><span class='ocrx_word' id='word_1_213' title='bbox 353 3189 475 3255; x_wconf 92' lang='lat' dir='ltr'>habeat</span> <span class='ocrx_word' id='word_1_214' title='bbox 492 3191 541 3256; x_wconf 88' lang='lat' dir='ltr'>lac</span> <span class='ocrx_word' id='word_1_215' title='bbox 556 3194 676 3276; x_wconf 88' lang='lat' dir='ltr'>butyri,</span> <span class='ocrx_word' id='word_1_216' title='bbox 691 3196 771 3277; x_wconf 91' lang='lat' dir='ltr'>quid</span> <span class='ocrx_word' id='word_1_217' title='bbox 788 3197 925 3280; x_wconf 86' lang='lat' dir='ltr'>coaguli,</span> <span class='ocrx_word' id='word_1_218' title='bbox 940 3200 1019 3281; x_wconf 93' lang='lat' dir='ltr'>quid</span> <span class='ocrx_word' id='word_1_219' title='bbox 1035 3199 1106 3278; x_wconf 89' lang='lat' dir='ltr'>seri,</span> <span class='ocrx_word' id='word_1_220' title='bbox 1125 3208 1160 3263; x_wconf 93' lang='lat' dir='ltr'>et</span> <span class='ocrx_word' id='word_1_221' title='bbox 1174 3197 1373 3280; x_wconf 87' lang='lat' dir='ltr'>hujusmodi.</span> <span class='ocrx_word' id='word_1_222' title='bbox 1405 3193 1479 3257; x_wconf 86' lang='lat' dir='ltr'>Haec</span> 
     </span>
     <span class='ocr_line' id='line_1_28' title="bbox 354 3295 1479 3385; baseline -0.001 -28"><span class='ocrx_word' id='word_1_223' title='bbox 354 3295 562 3360; x_wconf 92' lang='lat' dir='ltr'>deducuntur</span> <span class='ocrx_word' id='word_1_224' title='bbox 577 3299 618 3361; x_wconf 90' lang='lat' dir='ltr'>ad</span> <span class='ocrx_word' id='word_1_225' title='bbox 638 3318 770 3364; x_wconf 88' lang='lat' dir='ltr'>sensum</span> <span class='ocrx_word' id='word_1_226' title='bbox 792 3320 851 3383; x_wconf 91' lang='lat' dir='ltr'>per</span> <span class='ocrx_word' id='word_1_227' title='bbox 870 3301 1060 3366; x_wconf 89' lang='lat' dir='ltr'>artificiosas</span> <span class='ocrx_word' id='word_1_228' title='bbox 1081 3311 1114 3366; x_wconf 89' lang='lat' dir='ltr'>et</span> <span class='ocrx_word' id='word_1_229' title='bbox 1135 3303 1256 3384; x_wconf 91' lang='lat' dir='ltr'>peritas</span> <span class='ocrx_word' id='word_1_230' title='bbox 1271 3297 1479 3385; x_wconf 79' lang='lat' dir='ltr'>separationes,</span> 
     </span>
     <span class='ocr_line' id='line_1_29' title="bbox 354 3400 1478 3489; baseline -0.002 -27"><span class='ocrx_word' id='word_1_231' title='bbox 354 3409 517 3481; x_wconf 90' lang='lat' dir='ltr'>quatenus</span> <span class='ocrx_word' id='word_1_232' title='bbox 537 3403 579 3465; x_wconf 89' lang='lat' dir='ltr'>ad</span> <span class='ocrx_word' id='word_1_233' title='bbox 601 3403 781 3485; x_wconf 86' lang='lat' dir='ltr'>tangibilia.</span> <span class='ocrx_word' id='word_1_234' title='bbox 825 3405 875 3470; x_wconf 90' lang='lat' dir='ltr'>At</span> <span class='ocrx_word' id='word_1_235' title='bbox 898 3416 1015 3471; x_wconf 87' lang='lat' dir='ltr'>natura</span> <span class='ocrx_word' id='word_1_236' title='bbox 1036 3407 1168 3489; x_wconf 92' lang='lat' dir='ltr'>spiritus</span> <span class='ocrx_word' id='word_1_237' title='bbox 1191 3406 1224 3469; x_wconf 94' lang='lat' dir='ltr'>in</span> <span class='ocrx_word' id='word_1_238' title='bbox 1247 3405 1335 3488; x_wconf 92' lang='lat' dir='ltr'>ipsis,</span> <span class='ocrx_word' id='word_1_239' title='bbox 1351 3400 1478 3468; x_wconf 90' lang='lat' dir='ltr'>licetin-</span> 
     </span>
     <span class='ocr_line' id='line_1_30' title="bbox 354 3505 1478 3593; baseline 0 -28"><span class='ocrx_word' id='word_1_240' title='bbox 354 3505 496 3569; x_wconf 89' lang='lat' dir='ltr'>mediate</span> <span class='ocrx_word' id='word_1_241' title='bbox 513 3526 577 3570; x_wconf 93' lang='lat' dir='ltr'>non</span> <span class='ocrx_word' id='word_1_242' title='bbox 593 3508 799 3590; x_wconf 90' lang='lat' dir='ltr'>percipiatur,</span> <span class='ocrx_word' id='word_1_243' title='bbox 811 3520 923 3576; x_wconf 90' lang='lat' dir='ltr'>tamen</span> <span class='ocrx_word' id='word_1_244' title='bbox 935 3511 1191 3593; x_wconf 91' lang='lat' dir='ltr'>deprehenditur</span> <span class='ocrx_word' id='word_1_245' title='bbox 1201 3531 1260 3593; x_wconf 89' lang='lat' dir='ltr'>per</span> <span class='ocrx_word' id='word_1_246' title='bbox 1268 3511 1375 3573; x_wconf 88' lang='lat' dir='ltr'>varios</span> <span class='ocrx_word' id='word_1_247' title='bbox 1391 3513 1478 3569; x_wconf 85' lang='lat' dir='ltr'>motus</span> 
     </span>
     <span class='ocr_line' id='line_1_31' title="bbox 353 3610 1477 3698; baseline 0.003 -27"><span class='ocrx_word' id='word_1_248' title='bbox 353 3617 387 3672; x_wconf 92' lang='lat' dir='ltr'>et</span> <span class='ocrx_word' id='word_1_249' title='bbox 402 3610 501 3673; x_wconf 91' lang='lat' dir='ltr'>nixus</span> <span class='ocrx_word' id='word_1_250' title='bbox 518 3631 689 3693; x_wconf 85' lang='lat' dir='ltr'>corporum</span> <span class='ocrx_word' id='word_1_251' title='bbox 713 3613 922 3696; x_wconf 89' lang='lat' dir='ltr'>tangibilium</span> <span class='ocrx_word' id='word_1_252' title='bbox 945 3617 978 3679; x_wconf 91' lang='lat' dir='ltr'>in</span> <span class='ocrx_word' id='word_1_253' title='bbox 1002 3617 1072 3698; x_wconf 91' lang='lat' dir='ltr'>ipso</span> <span class='ocrx_word' id='word_1_254' title='bbox 1094 3625 1170 3680; x_wconf 90' lang='lat' dir='ltr'>actu</span> <span class='ocrx_word' id='word_1_255' title='bbox 1186 3624 1219 3679; x_wconf 91' lang='lat' dir='ltr'>et</span> <span class='ocrx_word' id='word_1_256' title='bbox 1237 3635 1389 3698; x_wconf 89' lang='lat' dir='ltr'>processu</span> <span class='ocrx_word' id='word_1_257' title='bbox 1404 3627 1477 3690; x_wconf 74' lang='lat' dir='ltr'>sepa·</span> 
     </span>
     <span class='ocr_line' id='line_1_32' title="bbox 351 3713 1477 3802; baseline 0.003 -26"><span class='ocrx_word' id='word_1_258' title='bbox 351 3713 486 3778; x_wconf 90' lang='lat' dir='ltr'>rationis</span> <span class='ocrx_word' id='word_1_259' title='bbox 515 3736 615 3794; x_wconf 91' lang='lat' dir='ltr'>suae;</span> <span class='ocrx_word' id='word_1_260' title='bbox 650 3726 750 3799; x_wconf 88' lang='lat' dir='ltr'>atque</span> <span class='ocrx_word' id='word_1_261' title='bbox 780 3719 880 3783; x_wconf 91' lang='lat' dir='ltr'>etiam</span> <span class='ocrx_word' id='word_1_262' title='bbox 910 3741 970 3802; x_wconf 92' lang='lat' dir='ltr'>per</span> <span class='ocrx_word' id='word_1_263' title='bbox 998 3719 1202 3796; x_wconf 89' lang='lat' dir='ltr'>acrimonias,</span> <span class='ocrx_word' id='word_1_264' title='bbox 1229 3720 1431 3791; x_wconf 78' lang='lat' dir='ltr'>corrosiones,</span> <span class='ocrx_word' id='word_1_265' title='bbox 1454 3717 1477 3771; x_wconf 68' lang='lat' dir='ltr'>et</span> 
     </span>
     <span class='ocr_line' id='line_1_33' title="bbox 349 3817 1476 3906; baseline 0.003 -26"><span class='ocrx_word' id='word_1_266' title='bbox 349 3817 494 3882; x_wconf 90' lang='lat' dir='ltr'>diversos</span> <span class='ocrx_word' id='word_1_267' title='bbox 517 3819 651 3899; x_wconf 78' lang='lat' dir='ltr'>coloreS,</span> <span class='ocrx_word' id='word_1_268' title='bbox 666 3821 792 3896; x_wconf 91' lang='lat' dir='ltr'>odores,</span> <span class='ocrx_word' id='word_1_269' title='bbox 813 3831 846 3886; x_wconf 93' lang='lat' dir='ltr'>et</span> <span class='ocrx_word' id='word_1_270' title='bbox 868 3843 1001 3906; x_wconf 88' lang='lat' dir='ltr'>sapores</span> <span class='ocrx_word' id='word_1_271' title='bbox 1024 3824 1204 3886; x_wconf 90' lang='lat' dir='ltr'>eorundem</span> <span class='ocrx_word' id='word_1_272' title='bbox 1227 3841 1397 3904; x_wconf 90' lang='lat' dir='ltr'>corporum</span> <span class='ocrx_word' id='word_1_273' title='bbox 1418 3819 1476 3899; x_wconf 72' lang='lat' dir='ltr'>post</span> 
     </span>
     <span class='ocr_line' id='line_1_34' title="bbox 349 3923 1475 4010; baseline 0.001 -25"><span class='ocrx_word' id='word_1_274' title='bbox 349 3925 598 4004; x_wconf 89' lang='lat' dir='ltr'>separationem.</span> <span class='ocrx_word' id='word_1_275' title='bbox 643 3923 759 4007; x_wconf 90' lang='lat' dir='ltr'>Atque</span> <span class='ocrx_word' id='word_1_276' title='bbox 783 3926 817 3990; x_wconf 92' lang='lat' dir='ltr'>in</span> <span class='ocrx_word' id='word_1_277' title='bbox 842 3926 904 3991; x_wconf 90' lang='lat' dir='ltr'>hac</span> <span class='ocrx_word' id='word_1_278' title='bbox 928 3938 1030 4010; x_wconf 88' lang='lat' dir='ltr'>parte,</span> <span class='ocrx_word' id='word_1_279' title='bbox 1055 3949 1114 4010; x_wconf 91' lang='lat' dir='ltr'>per</span> <span class='ocrx_word' id='word_1_280' title='bbox 1139 3927 1369 3990; x_wconf 91' lang='lat' dir='ltr'>distillationes</span> <span class='ocrx_word' id='word_1_281' title='bbox 1394 3932 1475 4001; x_wconf 85' lang='lat' dir='ltr'>atque</span> 
     </span>
     <span class='ocr_line' id='line_1_35' title="bbox 350 4028 1473 4110; baseline -0.004 -20"><span class='ocrx_word' id='word_1_282' title='bbox 350 4028 542 4092; x_wconf 86' lang='lat' dir='ltr'>artificiosas</span> <span class='ocrx_word' id='word_1_283' title='bbox 558 4029 790 4110; x_wconf 89' lang='lat' dir='ltr'>separationes,</span> <span class='ocrx_word' id='word_1_284' title='bbox 801 4039 931 4094; x_wconf 89' lang='lat' dir='ltr'>strenue</span> <span class='ocrx_word' id='word_1_285' title='bbox 947 4053 1026 4094; x_wconf 90' lang='lat' dir='ltr'>sane</span> <span class='ocrx_word' id='word_1_286' title='bbox 1037 4032 1080 4095; x_wconf 91' lang='lat' dir='ltr'>ab</span> <span class='ocrx_word' id='word_1_287' title='bbox 1091 4031 1280 4095; x_wconf 90' lang='lat' dir='ltr'>hominibus</span> <span class='ocrx_word' id='word_1_288' title='bbox 1292 4030 1473 4094; x_wconf 85' lang='lat' dir='ltr'>elaboratum</span> 
     </span>
     <span class='ocr_line' id='line_1_36' title="bbox 349 4126 1473 4218; baseline -0.007 -23"><span class='ocrx_word' id='word_1_289' title='bbox 349 4140 419 4209; x_wconf 91' lang='lat' dir='ltr'>est;</span> <span class='ocrx_word' id='word_1_290' title='bbox 442 4133 500 4194; x_wconf 92' lang='lat' dir='ltr'>sed</span> <span class='ocrx_word' id='word_1_291' title='bbox 524 4151 590 4194; x_wconf 94' lang='lat' dir='ltr'>non</span> <span class='ocrx_word' id='word_1_292' title='bbox 614 4132 720 4197; x_wconf 93' lang='lat' dir='ltr'>multo</span> <span class='ocrx_word' id='word_1_293' title='bbox 741 4133 888 4199; x_wconf 86' lang='lat' dir='ltr'>foelicius</span> <span class='ocrx_word' id='word_1_294' title='bbox 910 4156 1010 4218; x_wconf 87' lang='lat' dir='ltr'>quarn</span> <span class='ocrx_word' id='word_1_295' title='bbox 1033 4137 1066 4198; x_wconf 91' lang='lat' dir='ltr'>in</span> <span class='ocrx_word' id='word_1_296' title='bbox 1090 4137 1226 4199; x_wconf 91' lang='lat' dir='ltr'>caeteris</span> <span class='ocrx_word' id='word_1_297' title='bbox 1252 4126 1473 4217; x_wconf 90' lang='lat' dir='ltr'>experimentis,</span> 
     </span>
     <span class='ocr_line' id='line_1_37' title="bbox 350 4235 1474 4322; baseline 0 -25"><span class='ocrx_word' id='word_1_298' title='bbox 350 4256 436 4317; x_wconf 90' lang='lat' dir='ltr'>quae</span> <span class='ocrx_word' id='word_1_299' title='bbox 451 4235 558 4300; x_wconf 90' lang='lat' dir='ltr'>adhuc</span> <span class='ocrx_word' id='word_1_300' title='bbox 574 4236 606 4300; x_wconf 91' lang='lat' dir='ltr'>in</span> <span class='ocrx_word' id='word_1_301' title='bbox 622 4259 682 4302; x_wconf 90' lang='lat' dir='ltr'>usu</span> <span class='ocrx_word' id='word_1_302' title='bbox 699 4247 795 4304; x_wconf 88' lang='lat' dir='ltr'>sunt:</span> <span class='ocrx_word' id='word_1_303' title='bbox 819 4240 926 4304; x_wconf 89' lang='lat' dir='ltr'>modis</span> <span class='ocrx_word' id='word_1_304' title='bbox 941 4240 1094 4303; x_wconf 91' lang='lat' dir='ltr'>nimirum</span> <span class='ocrx_word' id='word_1_305' title='bbox 1107 4260 1238 4322; x_wconf 89' lang='lat' dir='ltr'>prorsus</span> <span class='ocrx_word' id='word_1_306' title='bbox 1253 4235 1474 4322; x_wconf 81' lang='lat' dir='ltr'>palpatoriis,et</span> 
     </span>
     <span class='ocr_line' id='line_1_38' title="bbox 347 4339 1472 4427; baseline 0 -24"><span class='ocrx_word' id='word_1_307' title='bbox 347 4339 408 4403; x_wconf 91' lang='lat' dir='ltr'>viis</span> <span class='ocrx_word' id='word_1_308' title='bbox 423 4340 540 4415; x_wconf 76' lang='lat' dir='ltr'>caesia,</span> <span class='ocrx_word' id='word_1_309' title='bbox 556 4350 589 4404; x_wconf 92' lang='lat' dir='ltr'>et</span> <span class='ocrx_word' id='word_1_310' title='bbox 606 4342 710 4424; x_wconf 88' lang='lat' dir='ltr'>magis</span> <span class='ocrx_word' id='word_1_311' title='bbox 728 4362 865 4425; x_wconf 92' lang='lat' dir='ltr'>operose</span> <span class='ocrx_word' id='word_1_312' title='bbox 880 4364 980 4425; x_wconf 87' lang='lat' dir='ltr'>quarn</span> <span class='ocrx_word' id='word_1_313' title='bbox 996 4343 1233 4426; x_wconf 60' lang='lat' dir='ltr'>intelligentem</span> <span class='ocrx_word' id='word_1_314' title='bbox 1255 4352 1287 4406; x_wconf 92' lang='lat' dir='ltr'>et</span> <span class='ocrx_word' id='word_1_315' title='bbox 1303 4339 1401 4427; x_wconf 91' lang='lat' dir='ltr'>(quod</span> <span class='ocrx_word' id='word_1_316' title='bbox 1415 4353 1472 4418; x_wconf 75' lang='lat' dir='ltr'>pes·</span> 
     </span>
    </p>
   </div>
   <div class='ocr_carea' id='block_1_3' title="bbox 823 4545 1017 4621">
    <p class='ocr_par' dir='ltr' id='par_1_5' title="bbox 823 4545 1017 4621">
     <span class='ocr_line' id='line_1_39' title="bbox 823 4545 1017 4621; baseline -0.005 0"><span class='ocrx_word' id='word_1_317' title='bbox 823 4545 843 4621; x_wconf 78' lang='lat'>‚⁸¹</span> <span class='ocrx_word' id='word_1_318' title='bbox 861 4548 888 4604; x_wconf 85' lang='lat' dir='ltr'>n.</span> <span class='ocrx_word' id='word_1_319' title='bbox 904 4566 934 4616; x_wconf 79' lang='lat'>1³</span> <span class='ocrx_word' id='word_1_320' title='bbox 949 4547 1017 4620; x_wconf 74' lang='lat' dir='ltr'>ou·</span> 
     </span>
    </p>
   </div>
   <div class='ocr_carea' id='block_1_4' title="bbox 0 0 1614 5102">
    <p class='ocr_par' dir='ltr' id='par_1_6' title="bbox 0 0 1614 5102">
     <span class='ocr_line' id='line_1_40' title="bbox 0 0 1614 5102; baseline 0 8"><span class='ocrx_word' id='word_1_321' title='bbox 0 0 1614 5102; x_wconf 95' lang='lat' dir='ltr'> </span> 
     </span>
    </p>
   </div>
  </div>
 </body>
</html>
