3324 5110
614 443 695 503 trs.
720 447 745 504 Ι.
769 439 907 526 96-97.
1273 463 1336 534 295

692 631 836 702 xcvrr.
855 591 859 600 ’

229 751 340 820 Nemo
355 755 464 820 adhuc
482 765 576 821 tanta
591 758 712 821 mentis
728 758 913 823 constantia
928 768 962 823 et
984 761 1090 844 rigore
1110 763 1263 828 inventus
1279 775 1337 842 est,

184 868 223 922 ut
237 861 418 924 decreverit
434 869 467 925 et
482 863 544 925 sibi
559 862 753 946 imposuerit
768 863 914 927 theorias
929 873 962 928 et
978 865 1129 932 notiones
1144 889 1337 933 communes

185 966 319 1045 penitus
342 965 484 1042 abolere,
507 975 541 1029 et
563 965 768 1031 intellectum
793 968 947 1032 abrasum
972 979 1005 1033 et
1028 991 1171 1053 aequum
1195 973 1238 1036 ad
1263 992 1337 1056 par-

185 1068 335 1132 ticularia
363 1071 405 1132 de
430 1069 558 1151 integro
587 1071 753 1153 applicare
762 1069 799 1133 ⁷³.
856 1071 975 1155 Itaque
998 1074 1082 1138 ratio
1104 1073 1160 1139 illa
1182 1073 1337 1156 humana,

184 1191 286 1254 quam
302 1173 471 1250 habemus,
488 1195 531 1237 ex
553 1175 658 1238 multa
677 1173 754 1251 fide,
773 1183 806 1239 et
830 1178 936 1242 multo
962 1179 1062 1242 etiam
1086 1199 1172 1256 casu,
1189 1202 1250 1246 nec
1272 1203 1339 1246 non

186 1295 231 1339 ex
247 1277 432 1359 puerilibus,
448 1298 530 1360 quas
553 1279 660 1360 primo
679 1279 858 1358 hausimus,
874 1281 1074 1357 notionibus,
1090 1283 1220 1367 farrago
1237 1306 1338 1368 quae·

187 1381 265 1444 dam
282 1391 332 1446 est
348 1391 382 1444 et
398 1383 576 1464 congeries.

231 1483 332 1567 Quod
353 1486 380 1548 si
401 1486 475 1567 quis
493 1495 604 1551 aetate
624 1497 761 1566 matura,
781 1496 814 1552 et
837 1489 986 1553 sensibus
1008 1489 1151 1572 integris,
1170 1502 1204 1556 et
1227 1503 1338 1557 mente

188 1598 372 1670 repurgata,
395 1610 431 1652 se
456 1590 498 1653 ad
523 1592 763 1673 experientiam
786 1602 820 1657 et
849 1595 892 1657 ad
916 1594 1123 1676 particularia
1145 1597 1188 1660 de
1210 1596 1338 1678 integro

186 1692 342 1774 applicet,
362 1693 405 1756 de
428 1715 468 1757 eo
494 1694 610 1759 melius
634 1698 834 1780 sperandum
858 1707 918 1762 est.
963 1697 1078 1781 Atque
1102 1698 1164 1763 hac
1188 1699 1221 1762 in
1245 1711 1339 1782 parte

187 1797 283 1860 nobis
300 1798 503 1880 spondemus
521 1799 687 1864 fortunam
703 1801 890 1866 Alexandri
908 1803 1042 1886 Magni:
1067 1823 1173 1887 neque
1188 1805 1261 1888 quis
1280 1826 1339 1870 nos

185 1901 343 1964 vanitatis
360 1912 485 1984 arguat,
503 1913 683 1986 antequam
702 1907 831 1970 exitum
853 1907 898 1970 rei
918 1904 1040 1987 audiat,
1055 1927 1141 1990 quae
1156 1909 1199 1974 ad
1215 1930 1339 1973 exuen-

186 2005 266 2068 dam
282 2026 416 2069 omnem
431 2007 613 2072 vanitatem
629 2019 767 2092 spectat.

231 2109 367 2173 Etenim
393 2112 437 2173 de
458 2109 657 2177 Alexandro
683 2123 717 2178 et
743 2113 814 2196 ejus
838 2115 935 2179 rebus
958 2115 1062 2198 gestis
1084 2113 1269 2180 Aeschines
1293 2114 1341 2179 ita

186 2211 345 2294 loquutus
363 2225 431 2279 est:
454 2215 529 2278 Nos
548 2227 629 2280 certe
650 2218 755 2282 vitam
777 2219 945 2282 mortalem
962 2239 1024 2282 non
1046 2221 1211 2295 vivimus,·
1233 2218 1340 2285 sedin

185 2315 245 2379 hoc
262 2320 337 2382 nati
355 2339 477 2395 sumus,
496 2329 535 2382 ut
540 2323 717 2402 posteritas
735 2319 774 2384 de
796 2321 887 2386 nobis
902 2333 1053 2404 portenta
1071 2333 1186 2387 narret
1200 2333 1233 2386 et
1243 2334 1339 2405 prae-

186 2421 327 2485 dicetur
349 2425 485 2507 perinde
505 2447 543 2490 ac
564 2429 591 2490 si
611 2425 798 2491 Alexandri
820 2449 869 2492 res
890 2438 1001 2511 gestas
1022 2449 1082 2510 pro
1106 2429 1263 2492 miraculo
1281 2427 1340 2492 ha·

188 2525 325 2591 buisset.

231 2631 282 2696 At
303 2633 392 2696 aevis
415 2635 628 2716 sequentibus
651 2635 749 2698 Titus
771 2635 884 2699 Livius
910 2635 1027 2700 melius
1050 2656 1118 2700 rem
1142 2635 1284 2699 advertit
1306 2644 1340 2698 et

188 2735 396 2818 introspexit,
411 2747 512 2820 atque
531 2740 573 2802 de
589 2737 786 2826 Alexandro
805 2737 994 2821 hujusmodi
1011 2739 1181 2824 quippiam
1200 2738 1287 2803 dixit
1296 2737 1338 2802 ⁷⁶:

223 2973 246 3006 '³
263 2975 334 3029 This
346 2975 467 3030 reminds
480 2991 510 3029 us
523 2977 555 3030 oi
565 2977 720 3044 Descartes,
733 2978 796 3031 who
808 2990 872 3046 may
884 2977 1002 3046 possibly
1014 2975 1081 3030 have
1098 2976 1169 3030 been
1187 2976 1340 3030 inlinenced

188 3060 226 3130 by
238 3059 351 3127 reading
366 3060 420 3113 this
438 3076 549 3128 passage
568 3061 621 3114 and
633 3063 681 3114 the
694 3061 855 3130 Aphorisms
866 3076 902 3113 on
916 3059 964 3114 the
983 3060 1068 3115 idola.
1106 3061 1163 3114 For
1174 3075 1207 3115 an
1221 3067 1340 3114 account

189 3145 223 3198 oi
238 3145 285 3198 the
303 3159 414 3212 process
432 3144 469 3213 by
480 3143 570 3198 which
582 3144 618 3198 he
635 3145 789 3214 attempted
806 3151 838 3198 to
854 3145 928 3197 clear
944 3144 986 3196 his
1002 3143 1078 3197 mind
1094 3144 1127 3198 of
1141 3144 1341 3212 preconceived

189 3229 308 3294 notioris,
325 3243 372 3282 see
391 3229 439 3282 the
459 3227 532 3282 First
552 3227 727 3296 Meditation‚
746 3245 779 3281 or
794 3229 843 3282 the
863 3228 1011 3296 beginning
1032 3227 1065 3280 ol
1078 3228 1126 3281 the
1142 3228 1214 3282 l'irst
1228 3228 1294 3282 Part
1312 3227 1343 3281 oi

187 3312 236 3367 the
261 3312 404 3380 Principia,
428 3327 462 3366 or
485 3313 533 3365 the
558 3307 657 3366 ¹earlier
681 3313 791 3381 portion
816 3311 848 3368 oi
869 3313 917 3367 the
943 3313 1110 3366 Dissertatio
1133 3313 1168 3366 de
1191 3312 1339 3366 Methodo.

188 3396 254 3449 The
274 3396 474 3463 completeness
496 3397 561 3450 with
584 3397 672 3450 which
694 3395 729 3449 he
754 3396 910 3464 attempted
932 3402 963 3449 to
983 3411 1065 3465 carry
1083 3403 1133 3450 out
1157 3396 1199 3449 his
1223 3411 1341 3465 purpose

189 3495 253 3548 may
274 3478 309 3532 be
325 3477 430 3546 judged
449 3479 482 3533 oi
502 3480 538 3548 by
560 3480 609 3533 the
630 3479 768 3546 following
788 3479 863 3532 briei
884 3495 1003 3548 passage,
1024 3479 1107 3535 taken
1128 3478 1200 3533 from
1225 3479 1273 3534 the
1296 3480 1341 3533 De

191 3562 345 3616 Methodo:
372 3563 442 3616 ‘Sed
463 3563 536 3632 quod
559 3563 594 3616 ad
615 3579 661 3617 eas
681 3564 822 3631 opiniones
846 3564 955 3630 attinet,
975 3579 1043 3633 quas
1067 3579 1119 3631 ego
1144 3564 1200 3632 ipse
1225 3564 1252 3615 in
1277 3577 1341 3616 eum

189 3662 277 3715 usque
298 3647 371 3699 diem
390 3643 496 3700 sueram
521 3647 669 3715 amplexus,
691 3646 756 3699 nihil
781 3647 877 3700 melius
897 3645 988 3700 facere
1013 3661 1058 3700 me
1080 3661 1158 3714 posse
1180 3645 1341 3712 arbitrabar,

190 3747 274 3800 quarn
292 3732 314 3783 si
332 3746 429 3783 omnes
447 3731 526 3784 simul
544 3737 573 3784 et
590 3731 676 3784 semel
693 3747 709 3784 e
727 3736 822 3784 mente
838 3745 900 3783 mea
916 3729 1045 3795 delerem,
1061 3735 1092 3782 ut
1104 3728 1204 3782 deinde
1219 3728 1262 3780 vel
1278 3728 1343 3781 allas

191 3815 318 3869 meliores
334 3814 377 3867 vel
393 3821 470 3867 certe
487 3814 606 3880 easdem,
618 3814 668 3867 sed
681 3819 827 3883 postquam
845 3819 969 3865 maturae
988 3812 1101 3864 rationis
1118 3825 1233 3864 examen
1246 3809 1342 3862 subiis-

190 3906 261 3965 sent,
284 3898 474 3952 admitterem:
505 3898 707 3967 credebamque
731 3898 784 3949 hoc
808 3902 890 3964 pacto
914 3894 994 3962 longe
1018 3893 1115 3948 melius
1138 3909 1184 3947 me
1204 3892 1239 3946 ad
1258 3893 1343 3945 vitam

191 3981 339 4048 regendam
352 3995 431 4050 posse
444 3980 593 4048 iniomrari,
606 3997 689 4051 quarn
705 3982 727 4033 si
743 3980 845 4033 ueteris
861 3977 976 4032 aedificii
994 3976 1172 4031 fundamenta
1183 3977 1343 4043 retinerem,

191 4068 278 4136 iisque
296 4071 405 4118 tantum
424 4066 563 4134 principiis
582 4066 724 4130 inniterer,
742 4064 841 4132 quibus
858 4061 924 4114 olim
940 4059 1067 4128 juvenilis
1085 4066 1161 4114 aetas
1179 4075 1248 4124 mea,
1268 4061 1343 4114 nullo

190 4164 313 4218 unquam
337 4149 461 4202 adhibito
485 4149 610 4202 examine
634 4164 669 4201 an
693 4146 802 4200 veritati
831 4151 1025 4212 congruerent,
1049 4143 1240 4198 credulitatem
1267 4159 1343 4196 arram

190 4231 352 4288 addixerat!

228 4313 251 4346 ⁷⁴
269 4315 418 4369 Aeschines
434 4315 461 4368 in
478 4315 697 4384 Ctesiphontem,
709 4331 736 4384 p.
750 4329 793 4379 72.
807 4314 822 4383 b
838 4328 903 4379 132:
922 4311 1060 4382 Τοιγάρτοι
1076 4309 1102 4364 ri
1117 4315 1168 4365 τῶν
1183 4309 1345 4365 ἀνελπίστων

191 4401 233 4456 eui
251 4399 454 4469 ἀπροσδοκήτων
472 4396 516 4469 ἐφ’
537 4398 607 4467 ἡμῶν
624 4399 655 4452 οὗ
673 4397 793 4470 yr'yorru3
829 4397 866 4450 ot
890 4395 941 4468 γορ
966 4393 1026 4459 βίον
1051 4392 1076 4465 y'
1094 4391 1166 4464 ipris
1188 4393 1346 4465 ἀνθρώπινον

190 4485 362 4550 peridrome,
374 4479 435 4536 ἀλλ’
447 4482 483 4538 ele
493 4483 720 4554 παραδοξολογίαν
731 4485 785 4538 ruis
797 4481 931 4550 e’oope'eors
942 4475 998 4549 ped
1011 4477 1076 4549 ripae
1086 4477 1194 4549 ἔφυμεν.

231 4565 254 4598 ⁷⁸
271 4567 349 4637 Livy,
362 4567 398 4621 ix.
415 4581 445 4631 17
461 4565 498 4620 ad
510 4565 555 4621 lin.
