3346 5104
320 444 384 508 240
696 439 854 497 NOVUM
874 439 1089 497 ORGANUM.

320 605 411 686 quod
428 603 460 668 in
484 603 574 668 libris
597 603 667 685 ejus
689 603 741 667 De
755 603 962 684 animalibus,
985 614 1018 670 et
1040 605 1074 670 in
1096 606 1365 686 problematibus,
1383 617 1416 674 et
1438 610 1471 674 in

319 708 391 772 aliis
411 709 483 772 'suis
509 709 713 786 tractatibus,
736 710 877 774 versatio
909 711 1062 794 frequens
1092 711 1135 776 sit
1164 713 1197 774 in
1227 714 1473 795 experimentis.

321 812 383 876 Ille
394 813 483 877 enim
497 814 587 896 prius
599 813 799 890 decreverat,
813 834 920 897 neque
932 817 1173 900 experientiam
1183 817 1225 880 ad
1239 818 1471 881 constituenda

319 916 452 980 decreta
468 926 501 980 et
516 916 686 981 axiomata
703 917 763 981 rite
779 919 943 982 consuluit
957 941 965 999 ;
989 919 1047 983 sed
1069 929 1246 1003 postquam
1263 942 1322 1003 pro
1337 921 1472 985 arbitrio

319 1040 379 1082 suo
403 1020 611 1098 decrevisset,
626 1021 867 1102 experientiam
890 1024 933 1086 ad
956 1045 1016 1087 sua
1039 1025 1161 1106 placita
1188 1033 1310 1087 tortam
1333 1025 1470 1088 circum-

320 1123 411 1188 ducit
436 1133 470 1189 et
492 1126 679 1207 captivam;
702 1135 739 1188 ut
761 1124 823 1189 hoc
850 1127 951 1190 etiam
974 1129 1108 1191 nomine
1135 1128 1241 1210 magis
1267 1129 1470 1191 accusandus

319 1227 371 1304 sit,
395 1247 495 1309 quam
525 1236 705 1292 sectatores
735 1228 804 1309 ejus
835 1229 982 1293 moderni
1013 1226 1297 1316 (scholasticorum
1327 1230 1470 1313 philoso-

319 1329 460 1412 phorum
478 1328 597 1417 genus)
613 1333 669 1414 qui
685 1333 926 1415 experientiam
943 1333 1078 1396 omnino
1094 1334 1308 1398 deseruerunt
1319 1332 1357 1398 ³2.

832 1493 961 1557 LXIV.

361 1612 412 1677 At
427 1613 656 1698 philosophiae
670 1634 775 1696 genus
790 1615 979 1696 empiricam
995 1615 1118 1697 placita
1134 1617 1240 1700 magis
1260 1615 1420 1682 deformia
1437 1625 1470 1682 et

319 1727 504 1782 monstrosa
536 1719 655 1796 educit,
685 1738 786 1800 quam
818 1717 1026 1800 sophrsticum
1056 1730 1114 1784 aut
1152 1722 1311 1786 rationale
1342 1742 1468 1804 genus3

319 1822 477 1903 quianon
494 1824 526 1885 in
543 1821 616 1885 luce
637 1823 809 1885 notionum
826 1822 1011 1904 vulgarium
1028 1821 1127 1908 (quae
1146 1824 1223 1889 licet
1244 1825 1350 1888 tenuis
1372 1827 1416 1890 sit
1436 1835 1469 1889 et

319 1925 540 2006 superficialis,
562 1933 676 1988 tamen
698 1933 748 1988 est
768 1925 1017 2007 quodammodo
1033 1927 1232 2006 universalis,
1249 1939 1282 1993 et
1303 1928 1346 1992 ad
1363 1928 1470 1992 multa

317 2026 501 2114 pertinens)
539 2029 598 2092 sed
629 2029 662 2091 in
696 2049 876 2111 paucorum
908 2031 1211 2111 experimentorum
1245 2033 1405 2114 angustiis
1436 2042 1469 2095 et

317 2133 518 2197 obscuritate
540 2133 717 2196 fundatum
740 2143 799 2196 est.
832 2134 964 2215 ltaque
985 2134 1061 2198 talis
1084 2135 1293 2218 philosophia
1315 2135 1387 2212 illis,
1411 2136 1469 2218 qui

317 2238 350 2299 in
373 2237 561 2319 hujusmodi
584 2237 821 2319 experimentis
843 2239 992 2318 quotidie
1014 2249 1186 2302 versantur
1209 2249 1309 2322 atque
1330 2261 1373 2302 ex
1390 2240 1468 2323 ipsis

316 2339 527 2422 phantasiam
550 2341 825 2416 contaminarunt,
842 2340 1022 2424 probabilis
1044 2341 1175 2406 videtur
1189 2353 1223 2407 et
1245 2343 1339 2425 quasi
1359 2354 1467 2418 certa;

317 2445 463 2521 caeteris,
479 2443 678 2508 incredibilis
694 2454 727 2508 ct
742 2465 838 2508 vana.
884 2443 987 2527 Cujus
1003 2447 1195 2529 exemplum
1208 2447 1353 2511 notabile
1369 2459 1419 2511 est
1435 2449 1467 2510 in

317 2546 481 2624 chemicis
498 2568 677 2629 eorumque
693 2548 924 2630 dogmatibus3
948 2549 1026 2613 alibi
1042 2559 1154 2613 autem
1169 2551 1227 2613 vix
1239 2549 1302 2615 hoc
1318 2562 1468 2634 tempore

317 2651 488 2728 invenitur,
514 2651 576 2713 nisi
606 2651 692 2714 forte
719 2653 751 2714 in
782 2652 990 2735 philosophia
1025 2653 1210 2718 Gilberti³³.
1256 2653 1324 2718 Sed
1355 2665 1468 2719 tamen

318 2755 404 2819 circa
433 2755 624 2836 hujusmodi
655 2755 881 2838 philosophias
913 2757 1023 2819 cautio
1059 2757 1149 2821 nullo
1185 2760 1286 2822 modo
1323 2771 1467 2841 praeter-

319 2860 482 2923 mittenda
498 2870 590 2939 erat3
614 2862 692 2943 quia
709 2871 820 2924 mente
833 2860 904 2942 jam
921 2862 1150 2943 praevidemus
1166 2873 1199 2926 et
1218 2884 1426 2946 auguramur,
1441 2865 1468 2926 si

318 2965 452 3044 quando
475 2963 635 3043 homineS,
653 2966 774 3028 nostris
795 2967 927 3028 monitis
951 2967 1095 3044 excitati,
1111 2967 1154 3030 ad
1175 2969 1415 3048 experientiam
1433 2987 1469 3030 se

317 3068 401 3130 serio
437 3069 636 3132 contulerint
673 3066 796 3152 (valere
827 3069 926 3150 jussis
964 3070 1120 3133 doctrinis
1156 3069 1364 3154 sophisticis),
1396 3080 1469 3134 tum

318 3172 462 3248 demum,
488 3181 625 3254 propter
654 3183 897 3254 praematuram
929 3183 962 3237 et
992 3194 1249 3257 praeproperam
1280 3174 1468 3238 intellectus

317 3273 570 3349 festinationem,
589 3285 623 3340 et
644 3277 766 3340 saltum
789 3278 858 3340 sive
879 3276 1027 3340 volatum
1049 3278 1092 3341 ad
1115 3278 1279 3361 generalia
1302 3289 1336 3342 et
1360 3300 1467 3342 rerum

317 3463 508 3516 firsttreatises
517 3463 645 3516 included
653 3464 680 3516 in
688 3463 737 3518 the
746 3465 885 3531 Organon.
907 3466 973 3531 Still,
984 3465 1197 3535 independently
1205 3465 1236 3521 of
1242 3467 1289 3520 the
1299 3465 1468 3532 Categories,

316 3546 364 3600 the
374 3546 487 3600 balance
500 3546 532 3600 of
542 3546 672 3600 evidence
686 3546 747 3600 isin
761 3547 858 3602 favour
869 3547 901 3602 of
912 3549 1026 3616 ranking
1039 3551 1168 3604 Aristotle
1182 3557 1308 3618 amongst
1320 3550 1368 3604 the
1380 3565 1468 3618 oppo-

316 3637 396 3684 nents
414 3631 447 3684 of
462 3631 509 3683 the
527 3630 665 3684 doctrines
677 3630 766 3683 which
779 3648 851 3685 were
864 3632 1057 3703 subsequently
1070 3633 1229 3701 designated
1247 3651 1276 3687 as
1291 3633 1402 3686 Realist.
1440 3633 1467 3686 It

316 3721 388 3768 must
407 3716 442 3768 be
461 3714 661 3782 remembered,
675 3713 811 3781 however,
822 3715 884 3768 that
901 3716 949 3768 the
967 3717 1071 3784 precise
1083 3719 1211 3785 question
1229 3717 1351 3784 agitated
1368 3716 1405 3785 by
1418 3716 1466 3768 the

318 3797 482 3852 Schoolmen
496 3799 548 3852 had
567 3806 617 3852 not
629 3799 700 3852 been
713 3799 802 3852 raised
816 3799 843 3852 in
857 3799 897 3852 his
909 3799 985 3854 time.
1022 3801 1065 3852 On
1083 3800 1130 3854 the
1149 3800 1257 3868 subject
1274 3799 1305 3853 of
1315 3800 1468 3852 Aristotle’s

315 3882 442 3950 opinions
454 3883 482 3934 in
495 3883 610 3936 relation
620 3889 651 3936 to
664 3883 718 3935 this
731 3889 916 3951 controversy,
930 3883 952 3936 it
964 3883 986 3936 is
998 3884 1153 3951 impossible
1165 3890 1196 3937 to
1206 3890 1286 3936 enter
1298 3883 1402 3937 hereat
1414 3899 1468 3951 any

314 3965 416 4031 length,
430 3965 479 4018 but
497 3966 544 4018 the
561 3967 674 4020 student
690 3984 754 4036 may
767 3967 832 4020 read
846 3968 910 4020 with
927 3969 1077 4035 advantage
1091 3967 1244 4020 Haureau’s
1258 3967 1381 4020 Histoire
1394 3966 1429 4020 de
1442 3967 1468 4020 la

317 4047 491 4116 Philosophie
505 4050 682 4120 Scolastique,
695 4051 739 4106 ch.
754 4069 777 4116 5,
792 4052 847 4104 and
864 4051 1040 4120 Ueberweg’s
1058 4051 1174 4120 History
1187 4051 1219 4104 of
1235 4051 1408 4120 Philosophy,
1422 4050 1467 4104 On

316 4131 472 4184 Aristotle's
485 4132 670 4202 Metaphysics
684 4133 881 4203 (Translatiom
895 4135 946 4188 vol.
960 4136 977 4190 i.
990 4151 1034 4204 pp.
1051 4133 1158 4203 160-1).

351 4211 374 4244 ³²
392 4216 436 4267 On
452 4217 624 4284 experiment
643 4233 671 4270 as
690 4219 834 4286 employed
854 4219 907 4272 and
926 4221 1096 4287 interpreted
1114 4220 1150 4288 by
1162 4219 1303 4285 Aristotle,
1316 4216 1370 4271 and
1382 4232 1467 4283 gene·

316 4297 383 4366 rally
403 4314 439 4350 on
459 4298 507 4352 the
530 4315 640 4352 reasons
660 4299 693 4352 of
714 4301 869 4355 Aristotle’s
890 4303 1075 4371 comparative
1100 4302 1196 4356 failure
1221 4303 1248 4355 in
1273 4303 1321 4355 the
1343 4300 1468 4370 Physical

315 4382 451 4447 Sciences,
463 4398 509 4435 see
524 4383 725 4452 Introduction,
739 4386 753 4452 ξ
771 4401 811 4439 11.

351 4460 374 4494 ³³
393 4464 437 4514 On
458 4464 506 4518 the
527 4464 665 4520 Chemists
683 4483 716 4521 or
737 4467 902 4522 Alchemists
924 4468 976 4522 and
999 4469 1118 4537 Gilbert,
1139 4485 1186 4524 see
1208 4475 1287 4523 notes
1312 4486 1355 4536 91,
1375 4484 1407 4535 9²
1430 4482 1467 4519 on

315 4546 386 4617 Aph.
401 4564 443 4613 54.
