<?xml version="1.0" encoding="UTF-8"?>
<!DOCTYPE html PUBLIC "-//W3C//DTD XHTML 1.0 Transitional//EN"
    "http://www.w3.org/TR/xhtml1/DTD/xhtml1-transitional.dtd">
<html xmlns="http://www.w3.org/1999/xhtml" xml:lang="en" lang="en">
 <head>
  <title>
</title>
<meta http-equiv="Content-Type" content="text/html;charset=utf-8" />
  <meta name='ocr-system' content='tesseract 3.04.00' />
  <meta name='ocr-capabilities' content='ocr_page ocr_carea ocr_par ocr_line ocrx_word'/>
</head>
<body>
  <div class='ocr_page' id='page_1' title='image "./baconsnovumorga01fowlgoog/baconsnovumorga01fowlgoog_0352.png"; bbox 0 0 3324 5110; ppageno 0'>
   <div class='ocr_carea' id='block_1_1' title="bbox 677 423 1370 506">
    <p class='ocr_par' dir='ltr' id='par_1_1' title="bbox 677 423 1370 506">
     <span class='ocr_line' id='line_1_1' title="bbox 677 423 1370 506; baseline 0.01 -27"><span class='ocrx_word' id='word_1_1' title='bbox 677 423 755 480; x_wconf 72' lang='grc' dir='ltr'>ΜΒ.</span> <span class='ocrx_word' id='word_1_2' title='bbox 780 423 806 482; x_wconf 85' lang='grc' dir='ltr'>Ι.</span> <span class='ocrx_word' id='word_1_3' title='bbox 834 435 903 500; x_wconf 86' lang='lat'>129.</span> <span class='ocrx_word' id='word_1_4' title='bbox 1307 437 1370 506; x_wconf 83' lang='lat'>329</span> 
     </span>
    </p>
   </div>
   <div class='ocr_carea' id='block_1_2' title="bbox 214 591 1372 1626">
    <p class='ocr_par' dir='ltr' id='par_1_2' title="bbox 214 591 1372 1298">
     <span class='ocr_line' id='line_1_2' title="bbox 216 591 1370 676; baseline 0.002 -21"><span class='ocrx_word' id='word_1_5' title='bbox 216 593 314 676; x_wconf 84' lang='lat' dir='ltr'>prisci</span> <span class='ocrx_word' id='word_1_6' title='bbox 330 593 450 658; x_wconf 90' lang='lat' dir='ltr'>saeculi</span> <span class='ocrx_word' id='word_1_7' title='bbox 462 593 623 676; x_wconf 87' lang='lat' dir='ltr'>judicium</span> <span class='ocrx_word' id='word_1_8' title='bbox 639 594 790 675; x_wconf 87' lang='lat' dir='ltr'>reperiet.</span> <span class='ocrx_word' id='word_1_9' title='bbox 837 591 971 656; x_wconf 85' lang='lat' dir='ltr'>Etenim</span> <span class='ocrx_word' id='word_1_10' title='bbox 987 591 1196 657; x_wconf 92' lang='lat' dir='ltr'>inventorum</span> <span class='ocrx_word' id='word_1_11' title='bbox 1211 594 1370 659; x_wconf 90' lang='lat' dir='ltr'>beneficia</span> 
     </span>
     <span class='ocr_line' id='line_1_3' title="bbox 214 696 1369 779; baseline 0 -19"><span class='ocrx_word' id='word_1_12' title='bbox 214 699 258 761; x_wconf 90' lang='lat' dir='ltr'>ad</span> <span class='ocrx_word' id='word_1_13' title='bbox 282 699 469 764; x_wconf 91' lang='lat' dir='ltr'>universum</span> <span class='ocrx_word' id='word_1_14' title='bbox 492 717 596 779; x_wconf 85' lang='lat' dir='ltr'>genus</span> <span class='ocrx_word' id='word_1_15' title='bbox 626 696 807 759; x_wconf 90' lang='lat' dir='ltr'>humanum</span> <span class='ocrx_word' id='word_1_16' title='bbox 831 697 993 779; x_wconf 93' lang='lat' dir='ltr'>pertinere</span> <span class='ocrx_word' id='word_1_17' title='bbox 1020 707 1166 778; x_wconf 86' lang='lat' dir='ltr'>possunt,</span> <span class='ocrx_word' id='word_1_18' title='bbox 1194 697 1299 761; x_wconf 91' lang='lat' dir='ltr'>civilia</span> <span class='ocrx_word' id='word_1_19' title='bbox 1326 699 1369 760; x_wconf 90' lang='lat' dir='ltr'>ad</span> 
     </span>
     <span class='ocr_line' id='line_1_4' title="bbox 217 799 1371 865; baseline 0 -1"><span class='ocrx_word' id='word_1_20' title='bbox 217 811 323 865; x_wconf 89' lang='lat' dir='ltr'>certas</span> <span class='ocrx_word' id='word_1_21' title='bbox 347 803 581 865; x_wconf 89' lang='lat' dir='ltr'>tantummodo</span> <span class='ocrx_word' id='word_1_22' title='bbox 607 799 779 864; x_wconf 91' lang='lat' dir='ltr'>hominum</span> <span class='ocrx_word' id='word_1_23' title='bbox 805 802 920 865; x_wconf 90' lang='lat' dir='ltr'>sedes:</span> <span class='ocrx_word' id='word_1_24' title='bbox 955 800 1035 864; x_wconf 89' lang='lat' dir='ltr'>haec</span> <span class='ocrx_word' id='word_1_25' title='bbox 1063 803 1163 864; x_wconf 90' lang='lat' dir='ltr'>etiam</span> <span class='ocrx_word' id='word_1_26' title='bbox 1190 821 1256 864; x_wconf 90' lang='lat' dir='ltr'>non</span> <span class='ocrx_word' id='word_1_27' title='bbox 1286 801 1371 864; x_wconf 91' lang='lat' dir='ltr'>ultra</span> 
     </span>
     <span class='ocr_line' id='line_1_5' title="bbox 216 903 1370 987; baseline 0 -19"><span class='ocrx_word' id='word_1_28' title='bbox 216 924 338 985; x_wconf 89' lang='lat' dir='ltr'>paucas</span> <span class='ocrx_word' id='word_1_29' title='bbox 353 915 481 968; x_wconf 89' lang='lat' dir='ltr'>aetates</span> <span class='ocrx_word' id='word_1_30' title='bbox 496 906 624 982; x_wconf 90' lang='lat' dir='ltr'>durant,</span> <span class='ocrx_word' id='word_1_31' title='bbox 640 903 696 966; x_wconf 91' lang='lat' dir='ltr'>illa</span> <span class='ocrx_word' id='word_1_32' title='bbox 711 903 804 986; x_wconf 87' lang='lat' dir='ltr'>quasi</span> <span class='ocrx_word' id='word_1_33' title='bbox 819 905 987 986; x_wconf 84' lang='lat' dir='ltr'>perpetuis</span> <span class='ocrx_word' id='word_1_34' title='bbox 1002 905 1215 986; x_wconf 88' lang='lat' dir='ltr'>temporibus.</span> <span class='ocrx_word' id='word_1_35' title='bbox 1254 903 1370 987; x_wconf 87' lang='lat' dir='ltr'>Atque</span> 
     </span>
     <span class='ocr_line' id='line_1_6' title="bbox 216 1005 1372 1088; baseline 0 -18"><span class='ocrx_word' id='word_1_36' title='bbox 216 1017 323 1071; x_wconf 87' lang='lat' dir='ltr'>status</span> <span class='ocrx_word' id='word_1_37' title='bbox 354 1007 541 1071; x_wconf 87' lang='lat' dir='ltr'>emendatio</span> <span class='ocrx_word' id='word_1_38' title='bbox 571 1008 604 1070; x_wconf 93' lang='lat' dir='ltr'>in</span> <span class='ocrx_word' id='word_1_39' title='bbox 635 1005 784 1070; x_wconf 92' lang='lat' dir='ltr'>civilibus</span> <span class='ocrx_word' id='word_1_40' title='bbox 813 1027 880 1069; x_wconf 91' lang='lat' dir='ltr'>non</span> <span class='ocrx_word' id='word_1_41' title='bbox 910 1008 980 1070; x_wconf 88' lang='lat' dir='ltr'>sine</span> <span class='ocrx_word' id='word_1_42' title='bbox 1005 1007 1037 1070; x_wconf 94' lang='lat' dir='ltr'>vi</span> <span class='ocrx_word' id='word_1_43' title='bbox 1065 1017 1098 1071; x_wconf 89' lang='lat' dir='ltr'>et</span> <span class='ocrx_word' id='word_1_44' title='bbox 1124 1008 1372 1088; x_wconf 86' lang='lat' dir='ltr'>perturbatione</span> 
     </span>
     <span class='ocr_line' id='line_1_7' title="bbox 217 1110 1372 1194; baseline 0 -20"><span class='ocrx_word' id='word_1_45' title='bbox 217 1112 412 1194; x_wconf 90' lang='lat' dir='ltr'>plerumque</span> <span class='ocrx_word' id='word_1_46' title='bbox 430 1112 600 1193; x_wconf 87' lang='lat' dir='ltr'>procedit:</span> <span class='ocrx_word' id='word_1_47' title='bbox 624 1121 659 1174; x_wconf 91' lang='lat' dir='ltr'>at</span> <span class='ocrx_word' id='word_1_48' title='bbox 679 1112 812 1174; x_wconf 91' lang='lat' dir='ltr'>inventa</span> <span class='ocrx_word' id='word_1_49' title='bbox 831 1110 940 1189; x_wconf 88' lang='lat' dir='ltr'>beant,</span> <span class='ocrx_word' id='word_1_50' title='bbox 955 1119 989 1174; x_wconf 91' lang='lat' dir='ltr'>et</span> <span class='ocrx_word' id='word_1_51' title='bbox 1010 1111 1205 1176; x_wconf 87' lang='lat' dir='ltr'>beneficium</span> <span class='ocrx_word' id='word_1_52' title='bbox 1221 1113 1372 1176; x_wconf 86' lang='lat' dir='ltr'>deserunt</span> 
     </span>
     <span class='ocr_line' id='line_1_8' title="bbox 217 1215 853 1298; baseline 0.002 -20"><span class='ocrx_word' id='word_1_53' title='bbox 217 1216 343 1298; x_wconf 90' lang='lat' dir='ltr'>absque</span> <span class='ocrx_word' id='word_1_54' title='bbox 358 1215 494 1298; x_wconf 88' lang='lat' dir='ltr'>alicujus</span> <span class='ocrx_word' id='word_1_55' title='bbox 510 1215 625 1297; x_wconf 91' lang='lat' dir='ltr'>injuria</span> <span class='ocrx_word' id='word_1_56' title='bbox 640 1224 697 1278; x_wconf 90' lang='lat' dir='ltr'>aut</span> <span class='ocrx_word' id='word_1_57' title='bbox 713 1215 853 1279; x_wconf 88' lang='lat' dir='ltr'>tristitia.</span> 
     </span>
    </p>

    <p class='ocr_par' dir='ltr' id='par_1_3' title="bbox 216 1318 1370 1504">
     <span class='ocr_line' id='line_1_9' title="bbox 263 1318 1370 1402; baseline 0 -20"><span class='ocrx_word' id='word_1_58' title='bbox 263 1319 375 1382; x_wconf 87' lang='lat' dir='ltr'>Etiam</span> <span class='ocrx_word' id='word_1_59' title='bbox 400 1321 533 1384; x_wconf 93' lang='lat' dir='ltr'>inventa</span> <span class='ocrx_word' id='word_1_60' title='bbox 559 1320 653 1402; x_wconf 89' lang='lat' dir='ltr'>quasi</span> <span class='ocrx_word' id='word_1_61' title='bbox 679 1339 783 1382; x_wconf 91' lang='lat' dir='ltr'>novae</span> <span class='ocrx_word' id='word_1_62' title='bbox 810 1318 991 1382; x_wconf 88' lang='lat' dir='ltr'>creationes</span> <span class='ocrx_word' id='word_1_63' title='bbox 1018 1328 1103 1398; x_wconf 89' lang='lat' dir='ltr'>sunt,</span> <span class='ocrx_word' id='word_1_64' title='bbox 1128 1329 1161 1384; x_wconf 90' lang='lat' dir='ltr'>et</span> <span class='ocrx_word' id='word_1_65' title='bbox 1185 1319 1370 1383; x_wconf 91' lang='lat' dir='ltr'>divinorum</span> 
     </span>
     <span class='ocr_line' id='line_1_10' title="bbox 216 1421 980 1504; baseline -0.001 -18"><span class='ocrx_word' id='word_1_66' title='bbox 216 1441 354 1504; x_wconf 88' lang='lat' dir='ltr'>operum</span> <span class='ocrx_word' id='word_1_67' title='bbox 371 1424 598 1499; x_wconf 88' lang='lat' dir='ltr'>imitamenta;</span> <span class='ocrx_word' id='word_1_68' title='bbox 622 1432 658 1486; x_wconf 93' lang='lat' dir='ltr'>ut</span> <span class='ocrx_word' id='word_1_69' title='bbox 673 1424 758 1486; x_wconf 92' lang='lat' dir='ltr'>bene</span> <span class='ocrx_word' id='word_1_70' title='bbox 773 1421 890 1486; x_wconf 88' lang='lat' dir='ltr'>cecinit</span> <span class='ocrx_word' id='word_1_71' title='bbox 905 1421 980 1485; x_wconf 90' lang='lat' dir='ltr'>ille:</span> 
     </span>
    </p>

    <p class='ocr_par' dir='ltr' id='par_1_4' title="bbox 397 1556 1094 1626">
     <span class='ocr_line' id='line_1_11' title="bbox 397 1556 1094 1626; baseline 0 -16"><span class='ocrx_word' id='word_1_72' title='bbox 397 1558 539 1611; x_wconf 87' lang='lat' dir='ltr'>‘Primum</span> <span class='ocrx_word' id='word_1_73' title='bbox 557 1557 703 1626; x_wconf 83' lang='lat' dir='ltr'>frugiferos</span> <span class='ocrx_word' id='word_1_74' title='bbox 720 1556 812 1610; x_wconf 86' lang='lat' dir='ltr'>foetus</span> <span class='ocrx_word' id='word_1_75' title='bbox 830 1556 989 1610; x_wconf 84' lang='lat' dir='ltr'>mortalibus</span> <span class='ocrx_word' id='word_1_76' title='bbox 1007 1557 1094 1623; x_wconf 81' lang='lat' dir='ltr'>aegris</span> 
     </span>
    </p>
   </div>
   <div class='ocr_carea' id='block_1_3' title="bbox 414 1639 1193 1792">
    <p class='ocr_par' dir='ltr' id='par_1_5' title="bbox 414 1639 1193 1792">
     <span class='ocr_line' id='line_1_12' title="bbox 414 1639 1193 1710; baseline 0 -17"><span class='ocrx_word' id='word_1_77' title='bbox 414 1641 578 1694; x_wconf 87' lang='lat' dir='ltr'>Dididerant</span> <span class='ocrx_word' id='word_1_78' title='bbox 597 1641 735 1710; x_wconf 93' lang='lat' dir='ltr'>quondam</span> <span class='ocrx_word' id='word_1_79' title='bbox 754 1640 901 1709; x_wconf 87' lang='lat' dir='ltr'>praestanti</span> <span class='ocrx_word' id='word_1_80' title='bbox 920 1640 1031 1692; x_wconf 89' lang='lat' dir='ltr'>nomine</span> <span class='ocrx_word' id='word_1_81' title='bbox 1051 1639 1193 1706; x_wconf 74' lang='lat' dir='ltr'>Athenae;</span> 
     </span>
     <span class='ocr_line' id='line_1_13' title="bbox 416 1719 1179 1792; baseline 0 -16"><span class='ocrx_word' id='word_1_82' title='bbox 416 1725 451 1778; x_wconf 85' lang='lat' dir='ltr'>Et</span> <span class='ocrx_word' id='word_1_83' title='bbox 471 1725 721 1778; x_wconf 71' lang='lat' dir='ltr'>Rucuunvultuila</span> <span class='ocrx_word' id='word_1_84' title='bbox 741 1725 834 1790; x_wconf 91' lang='lat' dir='ltr'>vitam,</span> <span class='ocrx_word' id='word_1_85' title='bbox 853 1725 982 1792; x_wconf 77' lang='lat' dir='ltr'>legesque</span> <span class='ocrx_word' id='word_1_86' title='bbox 1001 1719 1179 1791; x_wconf 77' lang='lat' dir='ltr'>rogarunt⁶⁵.&#39;</span> 
     </span>
    </p>
   </div>
   <div class='ocr_carea' id='block_1_4' title="bbox 218 1845 1374 2967">
    <p class='ocr_par' dir='ltr' id='par_1_6' title="bbox 218 1845 1372 2448">
     <span class='ocr_line' id='line_1_14' title="bbox 262 1845 1371 1930; baseline -0.002 -20"><span class='ocrx_word' id='word_1_87' title='bbox 262 1847 379 1930; x_wconf 89' lang='lat' dir='ltr'>Atque</span> <span class='ocrx_word' id='word_1_88' title='bbox 399 1848 529 1911; x_wconf 91' lang='lat' dir='ltr'>videtur</span> <span class='ocrx_word' id='word_1_89' title='bbox 549 1857 666 1911; x_wconf 92' lang='lat' dir='ltr'>notatu</span> <span class='ocrx_word' id='word_1_90' title='bbox 681 1848 819 1929; x_wconf 90' lang='lat' dir='ltr'>dignum</span> <span class='ocrx_word' id='word_1_91' title='bbox 840 1848 873 1910; x_wconf 96' lang='lat' dir='ltr'>in</span> <span class='ocrx_word' id='word_1_92' title='bbox 889 1845 1091 1925; x_wconf 90' lang='lat' dir='ltr'>Solomone;</span> <span class='ocrx_word' id='word_1_93' title='bbox 1114 1848 1294 1930; x_wconf 93' lang='lat' dir='ltr'>quodcum</span> <span class='ocrx_word' id='word_1_94' title='bbox 1311 1845 1371 1908; x_wconf 93' lang='lat' dir='ltr'>im·</span> 
     </span>
     <span class='ocr_line' id='line_1_15' title="bbox 218 1950 1371 2034; baseline -0.001 -20"><span class='ocrx_word' id='word_1_95' title='bbox 218 1952 318 2034; x_wconf 89' lang='lat' dir='ltr'>peri0‚</span> <span class='ocrx_word' id='word_1_96' title='bbox 341 1973 430 2027; x_wconf 89' lang='lat' dir='ltr'>auro,</span> <span class='ocrx_word' id='word_1_97' title='bbox 455 1952 698 2034; x_wconf 85' lang='lat' dir='ltr'>magnificentia</span> <span class='ocrx_word' id='word_1_98' title='bbox 719 1972 865 2033; x_wconf 89' lang='lat' dir='ltr'>operum,</span> <span class='ocrx_word' id='word_1_99' title='bbox 888 1951 1052 2029; x_wconf 85' lang='lat' dir='ltr'>satellitio,</span> <span class='ocrx_word' id='word_1_100' title='bbox 1075 1951 1245 2025; x_wconf 88' lang='lat' dir='ltr'>famuliti0,</span> <span class='ocrx_word' id='word_1_101' title='bbox 1267 1950 1371 2013; x_wconf 86' lang='lat' dir='ltr'>classe</span> 
     </span>
     <span class='ocr_line' id='line_1_16' title="bbox 219 2054 1371 2138; baseline -0.002 -20"><span class='ocrx_word' id='word_1_102' title='bbox 219 2055 359 2138; x_wconf 88' lang='lat' dir='ltr'>insuper,</span> <span class='ocrx_word' id='word_1_103' title='bbox 376 2065 409 2118; x_wconf 93' lang='lat' dir='ltr'>et</span> <span class='ocrx_word' id='word_1_104' title='bbox 430 2056 570 2119; x_wconf 93' lang='lat' dir='ltr'>nominis</span> <span class='ocrx_word' id='word_1_105' title='bbox 591 2055 747 2132; x_wconf 90' lang='lat' dir='ltr'>claritate,</span> <span class='ocrx_word' id='word_1_106' title='bbox 763 2076 801 2119; x_wconf 88' lang='lat' dir='ltr'>ac</span> <span class='ocrx_word' id='word_1_107' title='bbox 822 2075 952 2118; x_wconf 88' lang='lat' dir='ltr'>summa</span> <span class='ocrx_word' id='word_1_108' title='bbox 967 2054 1139 2118; x_wconf 92' lang='lat' dir='ltr'>hominum</span> <span class='ocrx_word' id='word_1_109' title='bbox 1155 2055 1371 2118; x_wconf 87' lang='lat' dir='ltr'>admiratione</span> 
     </span>
     <span class='ocr_line' id='line_1_17' title="bbox 218 2158 1372 2241; baseline -0.001 -19"><span class='ocrx_word' id='word_1_110' title='bbox 218 2159 359 2236; x_wconf 89' lang='lat' dir='ltr'>floreret,</span> <span class='ocrx_word' id='word_1_111' title='bbox 376 2167 488 2222; x_wconf 86' lang='lat' dir='ltr'>tamen</span> <span class='ocrx_word' id='word_1_112' title='bbox 512 2159 590 2222; x_wconf 94' lang='lat' dir='ltr'>nihil</span> <span class='ocrx_word' id='word_1_113' title='bbox 613 2158 730 2222; x_wconf 91' lang='lat' dir='ltr'>horum</span> <span class='ocrx_word' id='word_1_114' title='bbox 747 2158 904 2239; x_wconf 89' lang='lat' dir='ltr'>delegerit</span> <span class='ocrx_word' id='word_1_115' title='bbox 927 2159 988 2220; x_wconf 91' lang='lat' dir='ltr'>sibi</span> <span class='ocrx_word' id='word_1_116' title='bbox 1010 2159 1053 2221; x_wconf 90' lang='lat' dir='ltr'>ad</span> <span class='ocrx_word' id='word_1_117' title='bbox 1077 2159 1225 2241; x_wconf 88' lang='lat' dir='ltr'>gloriam,</span> <span class='ocrx_word' id='word_1_118' title='bbox 1244 2159 1302 2222; x_wconf 91' lang='lat' dir='ltr'>sed</span> <span class='ocrx_word' id='word_1_119' title='bbox 1326 2159 1372 2221; x_wconf 93' lang='lat' dir='ltr'>ita</span> 
     </span>
     <span class='ocr_line' id='line_1_18' title="bbox 218 2260 1370 2344; baseline -0.001 -20"><span class='ocrx_word' id='word_1_120' title='bbox 218 2263 500 2344; x_wconf 88' lang='lat' dir='ltr'>pronuntiaverit:</span> <span class='ocrx_word' id='word_1_121' title='bbox 527 2260 675 2324; x_wconf 85' lang='lat' dir='ltr'>Gloriam</span> <span class='ocrx_word' id='word_1_122' title='bbox 695 2261 762 2324; x_wconf 85' lang='lat' dir='ltr'>Dei</span> <span class='ocrx_word' id='word_1_123' title='bbox 781 2281 854 2333; x_wconf 84' lang='lat' dir='ltr'>esse,</span> <span class='ocrx_word' id='word_1_124' title='bbox 874 2261 976 2323; x_wconf 83' lang='lat' dir='ltr'>celare</span> <span class='ocrx_word' id='word_1_125' title='bbox 994 2281 1087 2336; x_wconf 83' lang='lat' dir='ltr'>rem,·</span> <span class='ocrx_word' id='word_1_126' title='bbox 1112 2261 1258 2342; x_wconf 81' lang='lat' dir='ltr'>gloriam</span> <span class='ocrx_word' id='word_1_127' title='bbox 1277 2261 1370 2342; x_wconf 66' lang='lat' dir='ltr'>regas,</span> 
     </span>
     <span class='ocr_line' id='line_1_19' title="bbox 220 2365 544 2448; baseline -0.006 -18"><span class='ocrx_word' id='word_1_128' title='bbox 220 2368 416 2448; x_wconf 79' lang='lat' dir='ltr'>investigare</span> <span class='ocrx_word' id='word_1_129' title='bbox 432 2386 499 2428; x_wconf 78' lang='lat' dir='ltr'>rem</span> <span class='ocrx_word' id='word_1_130' title='bbox 508 2365 544 2428; x_wconf 79' lang='lat'>⁶⁶.</span> 
     </span>
    </p>

    <p class='ocr_par' dir='ltr' id='par_1_7' title="bbox 218 2467 1374 2967">
     <span class='ocr_line' id='line_1_20' title="bbox 265 2467 1372 2556; baseline -0.004 -22"><span class='ocrx_word' id='word_1_131' title='bbox 265 2471 391 2534; x_wconf 91' lang='lat' dir='ltr'>Rursus</span> <span class='ocrx_word' id='word_1_132' title='bbox 407 2467 447 2556; x_wconf 86' lang='lat' dir='ltr'>(si</span> <span class='ocrx_word' id='word_1_133' title='bbox 466 2467 592 2556; x_wconf 86' lang='lat' dir='ltr'>placet)</span> <span class='ocrx_word' id='word_1_134' title='bbox 616 2479 746 2551; x_wconf 89' lang='lat' dir='ltr'>reputet</span> <span class='ocrx_word' id='word_1_135' title='bbox 767 2469 939 2552; x_wconf 89' lang='lat' dir='ltr'>quispiam,</span> <span class='ocrx_word' id='word_1_136' title='bbox 954 2479 1114 2552; x_wconf 91' lang='lat' dir='ltr'>quantum</span> <span class='ocrx_word' id='word_1_137' title='bbox 1138 2468 1265 2532; x_wconf 89' lang='lat' dir='ltr'>intersit</span> <span class='ocrx_word' id='word_1_138' title='bbox 1288 2469 1372 2531; x_wconf 90' lang='lat' dir='ltr'>inter</span> 
     </span>
     <span class='ocr_line' id='line_1_21' title="bbox 218 2573 1371 2657; baseline -0.003 -19"><span class='ocrx_word' id='word_1_139' title='bbox 218 2573 390 2638; x_wconf 92' lang='lat' dir='ltr'>hominum</span> <span class='ocrx_word' id='word_1_140' title='bbox 412 2575 516 2637; x_wconf 90' lang='lat' dir='ltr'>vitam</span> <span class='ocrx_word' id='word_1_141' title='bbox 539 2575 571 2637; x_wconf 95' lang='lat' dir='ltr'>in</span> <span class='ocrx_word' id='word_1_142' title='bbox 595 2573 819 2638; x_wconf 88' lang='lat' dir='ltr'>excultissima</span> <span class='ocrx_word' id='word_1_143' title='bbox 841 2573 998 2657; x_wconf 90' lang='lat' dir='ltr'>quapiam</span> <span class='ocrx_word' id='word_1_144' title='bbox 1021 2573 1175 2655; x_wconf 88' lang='lat' dir='ltr'>Europae</span> <span class='ocrx_word' id='word_1_145' title='bbox 1197 2573 1371 2656; x_wconf 90' lang='lat' dir='ltr'>provincia,</span> 
     </span>
     <span class='ocr_line' id='line_1_22' title="bbox 219 2675 1370 2760; baseline -0.001 -20"><span class='ocrx_word' id='word_1_146' title='bbox 219 2689 254 2742; x_wconf 88' lang='lat' dir='ltr'>et</span> <span class='ocrx_word' id='word_1_147' title='bbox 270 2679 303 2740; x_wconf 94' lang='lat' dir='ltr'>in</span> <span class='ocrx_word' id='word_1_148' title='bbox 319 2680 451 2760; x_wconf 90' lang='lat' dir='ltr'>regione</span> <span class='ocrx_word' id='word_1_149' title='bbox 466 2676 576 2759; x_wconf 89' lang='lat' dir='ltr'>aliqua</span> <span class='ocrx_word' id='word_1_150' title='bbox 593 2678 709 2740; x_wconf 90' lang='lat' dir='ltr'>Novae</span> <span class='ocrx_word' id='word_1_151' title='bbox 729 2677 845 2739; x_wconf 94' lang='lat' dir='ltr'>Indiae</span> <span class='ocrx_word' id='word_1_152' title='bbox 855 2677 879 2715; x_wconf 77' lang='lat'>⁶⁷</span> <span class='ocrx_word' id='word_1_153' title='bbox 903 2677 1050 2740; x_wconf 84' lang='lat' dir='ltr'>maxime</span> <span class='ocrx_word' id='word_1_154' title='bbox 1065 2677 1133 2739; x_wconf 86' lang='lat' dir='ltr'>sera</span> <span class='ocrx_word' id='word_1_155' title='bbox 1157 2685 1190 2739; x_wconf 91' lang='lat' dir='ltr'>et</span> <span class='ocrx_word' id='word_1_156' title='bbox 1211 2675 1370 2739; x_wconf 89' lang='lat' dir='ltr'>barbara:</span> 
     </span>
     <span class='ocr_line' id='line_1_23' title="bbox 219 2778 1374 2858; baseline -0.001 -13"><span class='ocrx_word' id='word_1_157' title='bbox 219 2781 294 2845; x_wconf 78' lang='lat' dir='ltr'>ea⁶8</span> <span class='ocrx_word' id='word_1_158' title='bbox 321 2790 451 2845; x_wconf 89' lang='lat' dir='ltr'>tantum</span> <span class='ocrx_word' id='word_1_159' title='bbox 478 2782 608 2845; x_wconf 88' lang='lat' dir='ltr'>differre</span> <span class='ocrx_word' id='word_1_160' title='bbox 630 2780 843 2858; x_wconf 87' lang='lat' dir='ltr'>existimabit,</span> <span class='ocrx_word' id='word_1_161' title='bbox 865 2788 902 2843; x_wconf 93' lang='lat' dir='ltr'>ut</span> <span class='ocrx_word' id='word_1_162' title='bbox 925 2781 1043 2842; x_wconf 90' lang='lat' dir='ltr'>merito</span> <span class='ocrx_word' id='word_1_163' title='bbox 1065 2778 1226 2843; x_wconf 76' lang='lat' dir='ltr'>horninem</span> <span class='ocrx_word' id='word_1_164' title='bbox 1247 2778 1374 2844; x_wconf 76' lang='lat' dir='ltr'>homini</span> 
     </span>
     <span class='ocr_line' id='line_1_24' title="bbox 218 2883 1370 2967; baseline -0.002 -19"><span class='ocrx_word' id='word_1_165' title='bbox 218 2885 327 2948; x_wconf 81' lang='lat' dir='ltr'>Deum</span> <span class='ocrx_word' id='word_1_166' title='bbox 341 2886 449 2964; x_wconf 66' lang='lat' dir='ltr'>essell,</span> <span class='ocrx_word' id='word_1_167' title='bbox 472 2905 538 2948; x_wconf 92' lang='lat' dir='ltr'>non</span> <span class='ocrx_word' id='word_1_168' title='bbox 561 2884 668 2949; x_wconf 90' lang='lat' dir='ltr'>solum</span> <span class='ocrx_word' id='word_1_169' title='bbox 690 2894 825 2967; x_wconf 89' lang='lat' dir='ltr'>propter</span> <span class='ocrx_word' id='word_1_170' title='bbox 846 2883 1007 2948; x_wconf 89' lang='lat' dir='ltr'>auxilium</span> <span class='ocrx_word' id='word_1_171' title='bbox 1031 2893 1064 2947; x_wconf 90' lang='lat' dir='ltr'>et</span> <span class='ocrx_word' id='word_1_172' title='bbox 1086 2883 1290 2961; x_wconf 86' lang='lat' dir='ltr'>beneficium,</span> <span class='ocrx_word' id='word_1_173' title='bbox 1312 2884 1370 2947; x_wconf 89' lang='lat' dir='ltr'>sed</span> 
     </span>
    </p>
   </div>
   <div class='ocr_carea' id='block_1_5' title="bbox 219 3105 1395 4607">
    <p class='ocr_par' dir='ltr' id='par_1_8' title="bbox 219 3105 1372 3350">
     <span class='ocr_line' id='line_1_25' title="bbox 255 3105 1371 3180; baseline 0.002 -19"><span class='ocrx_word' id='word_1_174' title='bbox 255 3105 277 3138; x_wconf 77' lang='lat'>⁶⁵</span> <span class='ocrx_word' id='word_1_175' title='bbox 295 3108 556 3176; x_wconf 81' lang='lat' dir='ltr'>Lueretius,vi.1-3.</span> <span class='ocrx_word' id='word_1_176' title='bbox 572 3111 676 3176; x_wconf 81' lang='lat' dir='ltr'>Bucon,</span> <span class='ocrx_word' id='word_1_177' title='bbox 687 3111 714 3162; x_wconf 94' lang='lat' dir='ltr'>in</span> <span class='ocrx_word' id='word_1_178' title='bbox 723 3109 922 3180; x_wconf 86' lang='lat' dir='ltr'>quotingthese</span> <span class='ocrx_word' id='word_1_179' title='bbox 933 3110 1008 3175; x_wconf 90' lang='lat' dir='ltr'>lines,</span> <span class='ocrx_word' id='word_1_180' title='bbox 1014 3109 1146 3179; x_wconf 85' lang='lat' dir='ltr'>probably</span> <span class='ocrx_word' id='word_1_181' title='bbox 1155 3109 1227 3163; x_wconf 86' lang='lat' dir='ltr'>from</span> <span class='ocrx_word' id='word_1_182' title='bbox 1238 3125 1371 3178; x_wconf 79' lang='lat' dir='ltr'>memory‚</span> 
     </span>
     <span class='ocr_line' id='line_1_26' title="bbox 219 3192 1372 3263; baseline 0.002 -19"><span class='ocrx_word' id='word_1_183' title='bbox 219 3192 268 3245; x_wconf 87' lang='lat' dir='ltr'>has</span> <span class='ocrx_word' id='word_1_184' title='bbox 286 3193 391 3246; x_wconf 91' lang='lat' dir='ltr'>altered</span> <span class='ocrx_word' id='word_1_185' title='bbox 411 3194 545 3262; x_wconf 85' lang='lat' dir='ltr'>‘primae’</span> <span class='ocrx_word' id='word_1_186' title='bbox 566 3195 625 3247; x_wconf 89' lang='lat' dir='ltr'>into</span> <span class='ocrx_word' id='word_1_187' title='bbox 647 3195 799 3263; x_wconf 89' lang='lat' dir='ltr'>‘primum‚’</span> <span class='ocrx_word' id='word_1_188' title='bbox 820 3193 1009 3247; x_wconf 87' lang='lat' dir='ltr'>‘dididerunt&#39;</span> <span class='ocrx_word' id='word_1_189' title='bbox 1031 3194 1090 3246; x_wconf 87' lang='lat' dir='ltr'>into</span> <span class='ocrx_word' id='word_1_190' title='bbox 1111 3193 1298 3261; x_wconf 85' lang='lat' dir='ltr'>‘dididerant,’</span> <span class='ocrx_word' id='word_1_191' title='bbox 1318 3193 1372 3247; x_wconf 88' lang='lat' dir='ltr'>and</span> 
     </span>
     <span class='ocr_line' id='line_1_27' title="bbox 220 3281 676 3350; baseline 0.007 -18"><span class='ocrx_word' id='word_1_192' title='bbox 220 3281 394 3348; x_wconf 85' lang='lat' dir='ltr'>‘praeclaro&#39;</span> <span class='ocrx_word' id='word_1_193' title='bbox 414 3281 473 3334; x_wconf 92' lang='lat' dir='ltr'>into</span> <span class='ocrx_word' id='word_1_194' title='bbox 493 3282 676 3350; x_wconf 81' lang='lat' dir='ltr'>‘praestanti&#39;</span> 
     </span>
    </p>

    <p class='ocr_par' dir='ltr' id='par_1_9' title="bbox 257 3365 547 3424">
     <span class='ocr_line' id='line_1_28' title="bbox 257 3365 547 3424; baseline 0.014 -4"><span class='ocrx_word' id='word_1_195' title='bbox 257 3365 279 3397; x_wconf 79' lang='lat'>⁰⁰</span> <span class='ocrx_word' id='word_1_196' title='bbox 297 3367 433 3421; x_wconf 86' lang='lat' dir='ltr'>Proverbs</span> <span class='ocrx_word' id='word_1_197' title='bbox 445 3385 508 3423; x_wconf 82' lang='lat' dir='ltr'>xxv.</span> <span class='ocrx_word' id='word_1_198' title='bbox 523 3386 547 3424; x_wconf 81' lang='lat'>2.</span> 
     </span>
    </p>

    <p class='ocr_par' dir='ltr' id='par_1_10' title="bbox 220 3447 1373 3768">
     <span class='ocr_line' id='line_1_29' title="bbox 255 3447 1372 3520; baseline 0.001 -16"><span class='ocrx_word' id='word_1_199' title='bbox 255 3447 277 3480; x_wconf 80' lang='lat'>⁰⁷</span> <span class='ocrx_word' id='word_1_200' title='bbox 295 3451 359 3504; x_wconf 89' lang='lat' dir='ltr'>The</span> <span class='ocrx_word' id='word_1_201' title='bbox 378 3467 458 3504; x_wconf 88' lang='lat' dir='ltr'>name</span> <span class='ocrx_word' id='word_1_202' title='bbox 476 3453 555 3519; x_wconf 88' lang='lat' dir='ltr'>given</span> <span class='ocrx_word' id='word_1_203' title='bbox 574 3459 604 3506; x_wconf 90' lang='lat' dir='ltr'>to</span> <span class='ocrx_word' id='word_1_204' title='bbox 622 3454 671 3506; x_wconf 91' lang='lat' dir='ltr'>the</span> <span class='ocrx_word' id='word_1_205' title='bbox 687 3453 820 3506; x_wconf 90' lang='lat' dir='ltr'>Westem</span> <span class='ocrx_word' id='word_1_206' title='bbox 840 3453 992 3507; x_wconf 90' lang='lat' dir='ltr'>Continent</span> <span class='ocrx_word' id='word_1_207' title='bbox 1010 3454 1064 3506; x_wconf 88' lang='lat' dir='ltr'>and</span> <span class='ocrx_word' id='word_1_208' title='bbox 1084 3453 1196 3520; x_wconf 87' lang='lat' dir='ltr'>lslands,</span> <span class='ocrx_word' id='word_1_209' title='bbox 1216 3453 1296 3506; x_wconf 90' lang='lat' dir='ltr'>when</span> <span class='ocrx_word' id='word_1_210' title='bbox 1315 3451 1372 3505; x_wconf 87' lang='lat' dir='ltr'>first</span> 
     </span>
     <span class='ocr_line' id='line_1_30' title="bbox 220 3533 1373 3605; baseline 0 -19"><span class='ocrx_word' id='word_1_211' title='bbox 220 3533 380 3587; x_wconf 82' lang='lat' dir='ltr'>discovered</span> <span class='ocrx_word' id='word_1_212' title='bbox 392 3535 429 3603; x_wconf 87' lang='lat' dir='ltr'>by</span> <span class='ocrx_word' id='word_1_213' title='bbox 442 3535 600 3602; x_wconf 88' lang='lat' dir='ltr'>Columbus,</span> <span class='ocrx_word' id='word_1_214' title='bbox 613 3536 676 3589; x_wconf 90' lang='lat' dir='ltr'>who</span> <span class='ocrx_word' id='word_1_215' title='bbox 691 3536 827 3603; x_wconf 86' lang='lat' dir='ltr'>imagined</span> <span class='ocrx_word' id='word_1_216' title='bbox 840 3538 917 3590; x_wconf 94' lang='lat' dir='ltr'>them</span> <span class='ocrx_word' id='word_1_217' title='bbox 937 3542 967 3590; x_wconf 90' lang='lat' dir='ltr'>to</span> <span class='ocrx_word' id='word_1_218' title='bbox 982 3537 1016 3590; x_wconf 92' lang='lat' dir='ltr'>be</span> <span class='ocrx_word' id='word_1_219' title='bbox 1036 3553 1052 3590; x_wconf 90' lang='lat' dir='ltr'>a</span> <span class='ocrx_word' id='word_1_220' title='bbox 1070 3535 1176 3605; x_wconf 80' lang='lat' dir='ltr'>partos</span> <span class='ocrx_word' id='word_1_221' title='bbox 1191 3535 1278 3600; x_wconf 71' lang='lat' dir='ltr'>india.</span> <span class='ocrx_word' id='word_1_222' title='bbox 1316 3535 1373 3587; x_wconf 88' lang='lat' dir='ltr'>We</span> 
     </span>
     <span class='ocr_line' id='line_1_31' title="bbox 220 3615 1372 3686; baseline 0.003 -19"><span class='ocrx_word' id='word_1_223' title='bbox 220 3615 274 3668; x_wconf 90' lang='lat' dir='ltr'>still</span> <span class='ocrx_word' id='word_1_224' title='bbox 296 3615 364 3669; x_wconf 84' lang='lat' dir='ltr'>have</span> <span class='ocrx_word' id='word_1_225' title='bbox 386 3623 475 3671; x_wconf 88' lang='lat' dir='ltr'>traces</span> <span class='ocrx_word' id='word_1_226' title='bbox 496 3618 528 3671; x_wconf 83' lang='lat' dir='ltr'>of</span> <span class='ocrx_word' id='word_1_227' title='bbox 545 3619 600 3671; x_wconf 90' lang='lat' dir='ltr'>this</span> <span class='ocrx_word' id='word_1_228' title='bbox 619 3620 826 3672; x_wconf 87' lang='lat' dir='ltr'>nomenclatore</span> <span class='ocrx_word' id='word_1_229' title='bbox 847 3621 874 3672; x_wconf 91' lang='lat' dir='ltr'>in</span> <span class='ocrx_word' id='word_1_230' title='bbox 894 3620 942 3673; x_wconf 90' lang='lat' dir='ltr'>the</span> <span class='ocrx_word' id='word_1_231' title='bbox 963 3619 1062 3682; x_wconf 86' lang='lat' dir='ltr'>‘West</span> <span class='ocrx_word' id='word_1_232' title='bbox 1086 3619 1194 3686; x_wconf 85' lang='lat' dir='ltr'>lndies,&#39;</span> <span class='ocrx_word' id='word_1_233' title='bbox 1218 3620 1266 3671; x_wconf 87' lang='lat' dir='ltr'>the</span> <span class='ocrx_word' id='word_1_234' title='bbox 1292 3617 1372 3670; x_wconf 90' lang='lat' dir='ltr'>‘Red</span> 
     </span>
     <span class='ocr_line' id='line_1_32' title="bbox 224 3699 589 3768; baseline 0.014 -18"><span class='ocrx_word' id='word_1_235' title='bbox 224 3699 351 3766; x_wconf 89' lang='lat' dir='ltr'>lndians,&#39;</span> <span class='ocrx_word' id='word_1_236' title='bbox 370 3701 519 3768; x_wconf 87' lang='lat' dir='ltr'>‘lndiana‚’</span> <span class='ocrx_word' id='word_1_237' title='bbox 539 3702 589 3756; x_wconf 75' lang='lat' dir='ltr'>&amp;c</span> 
     </span>
    </p>

    <p class='ocr_par' dir='ltr' id='par_1_11' title="bbox 222 3779 1395 3937">
     <span class='ocr_line' id='line_1_33' title="bbox 258 3779 1373 3852; baseline 0.001 -17"><span class='ocrx_word' id='word_1_238' title='bbox 258 3779 279 3812; x_wconf 76' lang='lat'>⁸³</span> <span class='ocrx_word' id='word_1_239' title='bbox 297 3783 391 3850; x_wconf 87' lang='lat' dir='ltr'>Ought</span> <span class='ocrx_word' id='word_1_240' title='bbox 403 3791 454 3837; x_wconf 92' lang='lat' dir='ltr'>not</span> <span class='ocrx_word' id='word_1_241' title='bbox 465 3785 520 3837; x_wconf 89' lang='lat' dir='ltr'>this</span> <span class='ocrx_word' id='word_1_242' title='bbox 532 3784 609 3837; x_wconf 91' lang='lat' dir='ltr'>word</span> <span class='ocrx_word' id='word_1_243' title='bbox 627 3790 658 3837; x_wconf 94' lang='lat' dir='ltr'>to</span> <span class='ocrx_word' id='word_1_244' title='bbox 674 3784 709 3838; x_wconf 89' lang='lat' dir='ltr'>be</span> <span class='ocrx_word' id='word_1_245' title='bbox 728 3786 873 3838; x_wconf 88' lang='lat' dir='ltr'>corrected</span> <span class='ocrx_word' id='word_1_246' title='bbox 891 3790 921 3838; x_wconf 90' lang='lat' dir='ltr'>to</span> <span class='ocrx_word' id='word_1_247' title='bbox 933 3801 987 3852; x_wconf 89' lang='lat' dir='ltr'>eas,</span> <span class='ocrx_word' id='word_1_248' title='bbox 1001 3785 1089 3839; x_wconf 87' lang='lat' dir='ltr'>which</span> <span class='ocrx_word' id='word_1_249' title='bbox 1109 3787 1130 3839; x_wconf 88' lang='lat' dir='ltr'>is</span> <span class='ocrx_word' id='word_1_250' title='bbox 1149 3786 1197 3839; x_wconf 90' lang='lat' dir='ltr'>the</span> <span class='ocrx_word' id='word_1_251' title='bbox 1216 3784 1327 3851; x_wconf 88' lang='lat' dir='ltr'>reading</span> <span class='ocrx_word' id='word_1_252' title='bbox 1346 3785 1373 3837; x_wconf 94' lang='lat' dir='ltr'>in</span> 
     </span>
     <span class='ocr_line' id='line_1_34' title="bbox 222 3865 1395 3937; baseline 0.005 -19"><span class='ocrx_word' id='word_1_253' title='bbox 222 3865 270 3918; x_wconf 91' lang='lat' dir='ltr'>the</span> <span class='ocrx_word' id='word_1_254' title='bbox 283 3867 387 3920; x_wconf 87' lang='lat' dir='ltr'>edition</span> <span class='ocrx_word' id='word_1_255' title='bbox 400 3868 542 3935; x_wconf 90' lang='lat' dir='ltr'>published</span> <span class='ocrx_word' id='word_1_256' title='bbox 555 3875 583 3921; x_wconf 85' lang='lat' dir='ltr'>at</span> <span class='ocrx_word' id='word_1_257' title='bbox 596 3867 710 3937; x_wconf 88' lang='lat' dir='ltr'>Leyden</span> <span class='ocrx_word' id='word_1_258' title='bbox 724 3869 751 3921; x_wconf 94' lang='lat' dir='ltr'>in</span> <span class='ocrx_word' id='word_1_259' title='bbox 768 3871 855 3933; x_wconf 82' lang='lat'>1645?</span> <span class='ocrx_word' id='word_1_260' title='bbox 1392 3869 1395 3876; x_wconf 84' lang='lat'>&#39;</span> 
     </span>
    </p>

    <p class='ocr_par' dir='ltr' id='par_1_12' title="bbox 220 3947 1381 4607">
     <span class='ocr_line' id='line_1_35' title="bbox 256 3947 1381 4020; baseline 0.001 -17"><span class='ocrx_word' id='word_1_261' title='bbox 256 3947 278 3979; x_wconf 80' lang='lat'>⁰⁹</span> <span class='ocrx_word' id='word_1_262' title='bbox 296 3951 329 3980; x_wconf 78' lang='lat'>“⁴</span> <span class='ocrx_word' id='word_1_263' title='bbox 338 3951 435 4004; x_wconf 92' lang='lat' dir='ltr'>Homo</span> <span class='ocrx_word' id='word_1_264' title='bbox 445 3953 548 4004; x_wconf 93' lang='lat' dir='ltr'>homini</span> <span class='ocrx_word' id='word_1_265' title='bbox 558 3952 642 4017; x_wconf 89' lang='lat' dir='ltr'>Deus,</span> <span class='ocrx_word' id='word_1_266' title='bbox 651 3952 672 4004; x_wconf 93' lang='lat' dir='ltr'>si</span> <span class='ocrx_word' id='word_1_267' title='bbox 682 3968 762 4004; x_wconf 92' lang='lat' dir='ltr'>suurn</span> <span class='ocrx_word' id='word_1_268' title='bbox 770 3952 890 4004; x_wconf 86' lang='lat' dir='ltr'>officium</span> <span class='ocrx_word' id='word_1_269' title='bbox 901 3953 995 4006; x_wconf 87' lang='lat' dir='ltr'>sciat.”</span> <span class='ocrx_word' id='word_1_270' title='bbox 1024 3955 1067 4006; x_wconf 83' lang='lat' dir='ltr'>An</span> <span class='ocrx_word' id='word_1_271' title='bbox 1077 3951 1222 4020; x_wconf 85' lang='lat' dir='ltr'>Aphorism</span> <span class='ocrx_word' id='word_1_272' title='bbox 1233 3951 1265 4004; x_wconf 84' lang='lat' dir='ltr'>of</span> <span class='ocrx_word' id='word_1_273' title='bbox 1275 3951 1381 4004; x_wconf 87' lang='lat' dir='ltr'>Caeci·&#39;</span> 
     </span>
     <span class='ocr_line' id='line_1_36' title="bbox 221 4033 1373 4106; baseline 0.003 -21"><span class='ocrx_word' id='word_1_274' title='bbox 221 4033 272 4086; x_wconf 88' lang='lat' dir='ltr'>lius</span> <span class='ocrx_word' id='word_1_275' title='bbox 290 4033 420 4087; x_wconf 88' lang='lat' dir='ltr'>Comicus</span> <span class='ocrx_word' id='word_1_276' title='bbox 439 4035 511 4103; x_wconf 88' lang='lat' dir='ltr'>apud</span> <span class='ocrx_word' id='word_1_277' title='bbox 531 4035 685 4104; x_wconf 82' lang='lat' dir='ltr'>Symmach.</span> <span class='ocrx_word' id='word_1_278' title='bbox 705 4035 792 4103; x_wconf 88' lang='lat' dir='ltr'>Epist.</span> <span class='ocrx_word' id='word_1_279' title='bbox 805 4053 832 4088; x_wconf 84' lang='lat' dir='ltr'>x.</span> <span class='ocrx_word' id='word_1_280' title='bbox 848 4054 897 4101; x_wconf 86' lang='lat'>104</span> <span class='ocrx_word' id='word_1_281' title='bbox 912 4035 956 4105; x_wconf 89' lang='lat' dir='ltr'>(al.</span> <span class='ocrx_word' id='word_1_282' title='bbox 973 4037 1053 4104; x_wconf 82' lang='lat'>114).&#39;</span> <span class='ocrx_word' id='word_1_283' title='bbox 1074 4037 1139 4106; x_wconf 83' lang='lat' dir='ltr'>(lix.</span> <span class='ocrx_word' id='word_1_284' title='bbox 1156 4036 1226 4104; x_wconf 80' lang='lat'>108.)</span> <span class='ocrx_word' id='word_1_285' title='bbox 1264 4035 1373 4088; x_wconf 88' lang='lat' dir='ltr'>‘Bacon</span> 
     </span>
     <span class='ocr_line' id='line_1_37' title="bbox 222 4116 1374 4189; baseline 0.002 -20"><span class='ocrx_word' id='word_1_286' title='bbox 222 4116 268 4170; x_wconf 87' lang='lat' dir='ltr'>has</span> <span class='ocrx_word' id='word_1_287' title='bbox 286 4117 432 4186; x_wconf 82' lang='lat' dir='ltr'>expanded</span> <span class='ocrx_word' id='word_1_288' title='bbox 448 4119 495 4172; x_wconf 89' lang='lat' dir='ltr'>the</span> <span class='ocrx_word' id='word_1_289' title='bbox 512 4119 639 4184; x_wconf 87' lang='lat' dir='ltr'>meaning</span> <span class='ocrx_word' id='word_1_290' title='bbox 656 4118 688 4171; x_wconf 87' lang='lat' dir='ltr'>of</span> <span class='ocrx_word' id='word_1_291' title='bbox 701 4117 749 4171; x_wconf 93' lang='lat' dir='ltr'>the</span> <span class='ocrx_word' id='word_1_292' title='bbox 766 4119 860 4188; x_wconf 88' lang='lat' dir='ltr'>saying</span> <span class='ocrx_word' id='word_1_293' title='bbox 878 4119 1036 4189; x_wconf 86' lang='lat' dir='ltr'>(according</span> <span class='ocrx_word' id='word_1_294' title='bbox 1053 4127 1083 4173; x_wconf 92' lang='lat' dir='ltr'>to</span> <span class='ocrx_word' id='word_1_295' title='bbox 1102 4120 1143 4173; x_wconf 92' lang='lat' dir='ltr'>his</span> <span class='ocrx_word' id='word_1_296' title='bbox 1160 4119 1246 4187; x_wconf 89' lang='lat' dir='ltr'>wont)</span> <span class='ocrx_word' id='word_1_297' title='bbox 1264 4118 1374 4187; x_wconf 81' lang='lat' dir='ltr'>beyond</span> 
     </span>
     <span class='ocr_line' id='line_1_38' title="bbox 221 4201 1371 4269; baseline 0.003 -17"><span class='ocrx_word' id='word_1_298' title='bbox 221 4201 255 4253; x_wconf 87' lang='lat' dir='ltr'>its</span> <span class='ocrx_word' id='word_1_299' title='bbox 274 4202 387 4269; x_wconf 91' lang='lat' dir='ltr'>original</span> <span class='ocrx_word' id='word_1_300' title='bbox 399 4207 505 4257; x_wconf 87' lang='lat' dir='ltr'>extent.</span> <span class='ocrx_word' id='word_1_301' title='bbox 543 4205 595 4256; x_wconf 89' lang='lat' dir='ltr'>See</span> <span class='ocrx_word' id='word_1_302' title='bbox 613 4203 670 4255; x_wconf 87' lang='lat' dir='ltr'>also</span> <span class='ocrx_word' id='word_1_303' title='bbox 690 4203 838 4268; x_wconf 91' lang='lat' dir='ltr'>Zenobius‚</span> <span class='ocrx_word' id='word_1_304' title='bbox 857 4204 938 4257; x_wconf 87' lang='lat' dir='ltr'>Ceut.</span> <span class='ocrx_word' id='word_1_305' title='bbox 960 4203 977 4256; x_wconf 93' lang='lat' dir='ltr'>i.</span> <span class='ocrx_word' id='word_1_306' title='bbox 997 4221 1028 4269; x_wconf 89' lang='lat'>91</span> <span class='ocrx_word' id='word_1_307' title='bbox 1053 4205 1081 4256; x_wconf 92' lang='lat' dir='ltr'>in</span> <span class='ocrx_word' id='word_1_308' title='bbox 1101 4203 1250 4257; x_wconf 84' lang='lat' dir='ltr'>Gaisford&#39;s</span> <span class='ocrx_word' id='word_1_309' title='bbox 1269 4204 1371 4257; x_wconf 88' lang='lat' dir='ltr'>Paroe·</span> 
     </span>
     <span class='ocr_line' id='line_1_39' title="bbox 221 4283 1374 4356; baseline 0.003 -20"><span class='ocrx_word' id='word_1_310' title='bbox 221 4285 373 4354; x_wconf 85' lang='lat' dir='ltr'>miographi</span> <span class='ocrx_word' id='word_1_311' title='bbox 399 4287 508 4354; x_wconf 88' lang='lat' dir='ltr'>Graeci,</span> <span class='ocrx_word' id='word_1_312' title='bbox 530 4287 623 4340; x_wconf 89' lang='lat' dir='ltr'>where</span> <span class='ocrx_word' id='word_1_313' title='bbox 646 4286 695 4340; x_wconf 93' lang='lat' dir='ltr'>the</span> <span class='ocrx_word' id='word_1_314' title='bbox 716 4286 834 4354; x_wconf 90' lang='lat' dir='ltr'>proverb</span> <span class='ocrx_word' id='word_1_315' title='bbox 859 4287 881 4339; x_wconf 92' lang='lat' dir='ltr'>is</span> <span class='ocrx_word' id='word_1_316' title='bbox 896 4283 1049 4356; x_wconf 72' lang='grc' dir='ltr'>Ἀνθρωπος</span> <span class='ocrx_word' id='word_1_317' title='bbox 1069 4287 1204 4352; x_wconf 81' lang='grc' dir='ltr'>ἀνθρώπου</span> <span class='ocrx_word' id='word_1_318' title='bbox 1226 4287 1374 4352; x_wconf 61' lang='grc' dir='ltr'>δαιμόνιον]</span> 
     </span>
     <span class='ocr_line' id='line_1_40' title="bbox 222 4367 1374 4438; baseline 0.003 -18"><span class='ocrx_word' id='word_1_319' title='bbox 222 4367 279 4420; x_wconf 89' lang='lat' dir='ltr'>Mr.</span> <span class='ocrx_word' id='word_1_320' title='bbox 294 4367 431 4422; x_wconf 88' lang='lat' dir='ltr'>Kitchin’s</span> <span class='ocrx_word' id='word_1_321' title='bbox 443 4377 518 4424; x_wconf 89' lang='lat' dir='ltr'>note.</span> <span class='ocrx_word' id='word_1_322' title='bbox 554 4369 595 4422; x_wconf 86' lang='lat' dir='ltr'>Os</span> <span class='ocrx_word' id='word_1_323' title='bbox 607 4370 655 4423; x_wconf 89' lang='lat' dir='ltr'>the</span> <span class='ocrx_word' id='word_1_324' title='bbox 667 4377 723 4423; x_wconf 86' lang='lat' dir='ltr'>two</span> <span class='ocrx_word' id='word_1_325' title='bbox 739 4369 853 4424; x_wconf 90' lang='lat' dir='ltr'>authors</span> <span class='ocrx_word' id='word_1_326' title='bbox 869 4371 935 4423; x_wconf 89' lang='lat' dir='ltr'>here</span> <span class='ocrx_word' id='word_1_327' title='bbox 952 4370 1034 4436; x_wconf 89' lang='lat' dir='ltr'>cited,</span> <span class='ocrx_word' id='word_1_328' title='bbox 1049 4369 1183 4424; x_wconf 88' lang='lat' dir='ltr'>Caecilius</span> <span class='ocrx_word' id='word_1_329' title='bbox 1203 4371 1312 4438; x_wconf 89' lang='lat' dir='ltr'>Statius,</span> <span class='ocrx_word' id='word_1_330' title='bbox 1326 4371 1374 4424; x_wconf 90' lang='lat' dir='ltr'>the</span> 
     </span>
     <span class='ocr_line' id='line_1_41' title="bbox 220 4451 1374 4523; baseline 0.004 -19"><span class='ocrx_word' id='word_1_331' title='bbox 220 4451 310 4504; x_wconf 89' lang='lat' dir='ltr'>comic</span> <span class='ocrx_word' id='word_1_332' title='bbox 328 4459 402 4520; x_wconf 88' lang='lat' dir='ltr'>poet,</span> <span class='ocrx_word' id='word_1_333' title='bbox 420 4452 485 4505; x_wconf 92' lang='lat' dir='ltr'>died</span> <span class='ocrx_word' id='word_1_334' title='bbox 503 4465 556 4506; x_wconf 78' lang='lat' dir='ltr'>uc.</span> <span class='ocrx_word' id='word_1_335' title='bbox 579 4457 636 4521; x_wconf 85' lang='lat'>168,</span> <span class='ocrx_word' id='word_1_336' title='bbox 656 4454 737 4521; x_wconf 88' lang='lat' dir='ltr'>being</span> <span class='ocrx_word' id='word_1_337' title='bbox 755 4470 790 4506; x_wconf 88' lang='lat' dir='ltr'>an</span> <span class='ocrx_word' id='word_1_338' title='bbox 811 4454 967 4507; x_wconf 89' lang='lat' dir='ltr'>immediate</span> <span class='ocrx_word' id='word_1_339' title='bbox 987 4453 1164 4522; x_wconf 87' lang='lat' dir='ltr'>predecessor</span> <span class='ocrx_word' id='word_1_340' title='bbox 1181 4454 1214 4508; x_wconf 87' lang='lat' dir='ltr'>of</span> <span class='ocrx_word' id='word_1_341' title='bbox 1228 4454 1374 4523; x_wconf 90' lang='lat' dir='ltr'>Terence;</span> 
     </span>
     <span class='ocr_line' id='line_1_42' title="bbox 223 4535 1373 4607; baseline 0.003 -18"><span class='ocrx_word' id='word_1_342' title='bbox 223 4535 362 4589; x_wconf 92' lang='lat' dir='ltr'>Zenobius</span> <span class='ocrx_word' id='word_1_343' title='bbox 375 4535 446 4590; x_wconf 89' lang='lat' dir='ltr'>lived</span> <span class='ocrx_word' id='word_1_344' title='bbox 461 4536 488 4588; x_wconf 91' lang='lat' dir='ltr'>iu</span> <span class='ocrx_word' id='word_1_345' title='bbox 501 4536 549 4590; x_wconf 87' lang='lat' dir='ltr'>the</span> <span class='ocrx_word' id='word_1_346' title='bbox 562 4536 629 4590; x_wconf 89' lang='lat' dir='ltr'>time</span> <span class='ocrx_word' id='word_1_347' title='bbox 642 4537 673 4590; x_wconf 83' lang='lat' dir='ltr'>of</span> <span class='ocrx_word' id='word_1_348' title='bbox 684 4536 818 4592; x_wconf 87' lang='lat' dir='ltr'>Hadrian.</span> <span class='ocrx_word' id='word_1_349' title='bbox 846 4537 872 4590; x_wconf 94' lang='lat' dir='ltr'>lt</span> <span class='ocrx_word' id='word_1_350' title='bbox 884 4537 932 4590; x_wconf 91' lang='lat' dir='ltr'>has</span> <span class='ocrx_word' id='word_1_351' title='bbox 945 4537 1015 4591; x_wconf 90' lang='lat' dir='ltr'>been</span> <span class='ocrx_word' id='word_1_352' title='bbox 1028 4537 1142 4607; x_wconf 86' lang='lat' dir='ltr'>pointed</span> <span class='ocrx_word' id='word_1_353' title='bbox 1151 4546 1200 4593; x_wconf 91' lang='lat' dir='ltr'>out</span> <span class='ocrx_word' id='word_1_354' title='bbox 1212 4545 1243 4592; x_wconf 92' lang='lat' dir='ltr'>to</span> <span class='ocrx_word' id='word_1_355' title='bbox 1254 4554 1300 4592; x_wconf 91' lang='lat' dir='ltr'>me</span> <span class='ocrx_word' id='word_1_356' title='bbox 1312 4539 1373 4593; x_wconf 90' lang='lat' dir='ltr'>that</span> 
     </span>
    </p>
   </div>
   <div class='ocr_carea' id='block_1_6' title="bbox 0 0 1672 5110">
    <p class='ocr_par' dir='ltr' id='par_1_13' title="bbox 0 0 1672 5110">
     <span class='ocr_line' id='line_1_43' title="bbox 0 0 1672 5110; baseline 0 0"><span class='ocrx_word' id='word_1_357' title='bbox 0 0 1672 5110; x_wconf 95' lang='lat' dir='ltr'> </span> 
     </span>
    </p>
   </div>
  </div>
 </body>
</html>
