3346 5104
306 383 370 466 246
683 395 840 452 norun
861 396 1080 454 oronnam.

305 559 370 624 ista
384 559 427 624 ad
439 579 540 644 opera
554 567 714 643 spectant.
761 557 881 642 Neque
891 560 978 624 enim
990 561 1144 645 vulgares
1159 561 1235 626 illae
1251 562 1456 628 differentiae

306 672 425 744 motus,
440 686 525 748 quae
544 664 576 728 in
595 663 735 728 naturali
754 663 963 748 philosophia
984 676 1117 750 recepta
1139 677 1304 746 notantur,
1321 689 1456 750 genera-

305 767 411 846 tionis,
433 767 656 851 corruptionis,
679 768 959 848 augmentationis,
980 768 1218 849 diminutionis,
1242 771 1458 850 alterationis,

306 880 339 935 et
362 871 542 951 latiom'sw,
564 870 661 935 ullius
683 880 760 934 sunt
782 872 888 953 pretii.
934 871 1068 955 Quippe
1090 873 1154 938 hoc
1176 874 1239 937 sibi
1261 875 1398 954 volunt;
1429 877 1457 940 si

305 993 433 1058 corpus
472 976 552 1040 alias
592 994 657 1038 non
699 982 874 1052 mutatum,
912 973 985 1039 loco
1023 986 1135 1040 tamen
1177 989 1355 1057 moveatur,
1393 980 1456 1044 hoc

303 1077 456 1142 lationem
479 1099 572 1155 esse3
596 1078 632 1155 si,
656 1086 810 1140 manente
838 1086 872 1140 et
895 1077 969 1141 loco
994 1089 1027 1142 et
1054 1079 1171 1163 specie,
1198 1081 1357 1164 qualitate
1384 1104 1456 1146 mu-

303 1190 402 1258 tetur,
439 1181 504 1246 hoc
536 1181 757 1244 alterationem
795 1200 886 1259 esse;
923 1181 951 1243 si
987 1202 1065 1245 vero
1099 1203 1143 1246 ex
1179 1183 1235 1246 illa
1273 1187 1457 1251 mutatione

241 1327 250 1338 .
304 1285 409 1348 moles
438 1285 510 1367 ipsa
542 1295 575 1348 et
606 1284 774 1366 quantitas
805 1283 950 1365 corporis
981 1305 1047 1348 non
1078 1287 1195 1349 eadem
1229 1299 1369 1368 maneat,
1393 1289 1456 1354 hoc

304 1389 577 1470 augmentationis
616 1397 650 1451 et
684 1386 916 1450 diminutionis
957 1397 1085 1451 motum
1121 1410 1213 1468 esse3
1253 1393 1280 1454 si
1318 1403 1455 1456 eatenus

212 1547 218 1557 .
288 1501 481 1571 mutentur,
506 1502 542 1556 ut
572 1492 716 1574 speciem
744 1492 850 1573 ipsam
878 1501 911 1554 et
938 1491 1159 1556 substantiam
1191 1503 1328 1574 mutent,
1358 1507 1392 1560 et
1422 1499 1454 1560 in

231 1569 239 1589 ”
302 1595 369 1658 alia
406 1597 557 1678 migrent,
585 1596 648 1659 hoc
672 1597 912 1677 generatimnm
945 1606 979 1659 et
1013 1598 1245 1678 corruptionem
1279 1619 1359 1664 esse.
1404 1599 1455 1664 At

302 1699 366 1762 ista
398 1720 486 1762 mere
509 1698 681 1782 popularia
705 1708 790 1776 sunt,
815 1708 848 1762 et
879 1697 969 1762 nullo
995 1701 1095 1763 modo
1120 1701 1153 1762 in
1177 1711 1329 1765 naturam
1355 1724 1455 1785 pene·

302 1811 392 1866 trant
404 1825 412 1882 ;
447 1814 590 1885 suntque
621 1822 793 1866 mensurae
829 1812 862 1865 et
900 1803 1027 1883 periodi
1057 1813 1201 1880 tantum,
1232 1825 1298 1869 non
1327 1809 1454 1890 species

303 1915 423 1970 motus.
470 1907 617 1970 Innuunt
640 1907 727 1969 enim
746 1906 835 1983 illud,
850 1905 1017 1988 hucusque,
1035 1916 1069 1969 et
1084 1928 1150 1971 non
1171 1909 1332 1989 quomodo,
1348 1911 1401 1974 vel
1416 1932 1457 1976 en

302 2010 473 2091 qnofonte.
518 2012 638 2093 Neque
652 2011 741 2103 euim
756 2010 799 2074 de
815 2031 989 2093 corporum
1005 2013 1166 2094 appetitu,
1181 2023 1240 2076 aut
1258 2015 1300 2076 de
1310 2017 1454 2097 partium

302 2131 416 2178 eorum
436 2136 600 2198 processu,
617 2099 742 2198 aliqutid
763 2115 948 2198 significant
964 2141 972 2194 ;
995 2117 1054 2180 sed
1076 2126 1206 2181 tantum
1223 2139 1325 2200 quum
1343 2129 1452 2183 motus

301 2217 356 2280 ille
380 2238 449 2281 rem
473 2219 568 2282 aliter
591 2239 629 2284 ac
646 2203 755 2308 piiuS,
781 2240 890 2283 crasso
917 2221 1027 2299 modu,
1054 2223 1163 2285 sensui
1187 2221 1353 2301 exhibeat,
1376 2224 1454 2288 inde

301 2321 496 2386 divisionem
512 2341 605 2386 suam
618 2324 839 2406 auspicantur.
885 2325 997 2388 Etiam
1008 2345 1110 2407 quum
1124 2327 1166 2391 de
1180 2328 1285 2390 causis
1300 2339 1452 2391 motuum

200 2475 207 2488 .
301 2426 426 2509 aliquid
442 2427 626 2508 significare
638 2428 772 2510 uolunt,
788 2437 889 2510 atque
910 2429 1105 2493 divisionem
1127 2452 1171 2494 ex
1190 2430 1253 2493 illis
1272 2432 1452 2510 instituere,

300 2530 519 2594 differentiam
560 2540 670 2594 motus
711 2531 869 2596 naturalis
910 2543 944 2596 et
974 2533 1109 2597 violenti
1120 2532 1154 2612 ⁵¹,
1186 2535 1334 2598 maxima
1376 2557 1452 2599 cum

301 2635 459 2708 socordia,
477 2634 709 2713 introducunt3
734 2656 819 2716 quae
835 2644 868 2699 et
884 2636 956 2719 ipsa
971 2637 1106 2699 omnino
1123 2658 1166 2700 ex
1178 2639 1312 2701 notione
1327 2638 1453 2722 vulgari

302 2747 374 2814 est;
397 2759 474 2802 cum
501 2739 608 2801 omnis
636 2748 745 2802 motus
771 2740 935 2804 violentus
958 2741 1059 2804 etiam
1087 2742 1243 2806 naturalis
1267 2763 1377 2808 revera
1401 2745 1453 2820 sit,

301 2841 427 2906 scilicet
448 2863 523 2906 cum
548 2853 724 2906 externum
748 2845 890 2908 efficiens
915 2853 1066 2909 naturam
1090 2847 1154 2910 alio
1175 2848 1275 2910 modo
1298 2849 1331 2910 in
1355 2869 1454 2930 opere

301 2955 404 3028 ponet
421 2965 521 3027 quam
538 2966 604 3027 quo
620 2947 719 3028 prius.

336 3099 358 3130 ⁵⁰
376 3102 427 3152 See
447 3101 616 3167 Categories,
635 3100 680 3152 ch.
703 3117 734 3164 14
755 3099 792 3168 (p.
816 3117 845 3164 15
866 3117 890 3155 a.
911 3118 952 3166 13,
976 3102 1035 3170 14):
1054 3102 1184 3169 Κινήσεως
1203 3103 1232 3156 δέ
1250 3104 1323 3158 ἐστιν
1340 3102 1393 3172 εἴδη
1413 3103 1452 3170 ἕξ,

300 3183 410 3255 γένεσις,
422 3182 519 3253 φθορά,
535 3183 653 3250 αὔξησις,
672 3183 786 3251 peinais,
804 3183 956 3251 ἀλλοίωσις,
974 3185 989 3252 r‘y
1006 3187 1069 3238 κατὰ
1087 3188 1167 3240 τόπον
1180 3186 1322 3256 μεταβολή.
1360 3186 1391 3239 ln
1405 3187 1452 3239 the

300 3267 421 3335 Physics,
433 3265 479 3320 blr.
493 3283 517 3320 v.
530 3265 573 3318 ch.
591 3283 601 3317 1
618 3265 655 3334 (p.
670 3283 701 3318 aa
705 3283 719 3331 5
733 3282 758 3319 a.
773 3285 786 3318 2
791 3267 882 3336 5-34),
894 3267 996 3338 γένεσις
1008 3269 1062 3322 and
1074 3269 1163 3339 φθορά
1175 3287 1221 3324 are
1234 3271 1367 3324 excluded
1379 3270 1452 3324 from

279 3397 280 3400 ,
299 3351 347 3405 the
368 3349 495 3403 divisions
513 3348 545 3401 of
561 3349 676 3404 motion.
714 3348 777 3402 The
791 3351 855 3420 only
873 3367 926 3404 one
945 3350 977 3404 oi
993 3351 1071 3405 these
1088 3353 1215 3406 divisione
1234 3353 1321 3406 which
1341 3371 1382 3407 we
1401 3355 1452 3407 call

300 3435 406 3488 motion
425 3433 447 3486 is
466 3431 481 3500 ἡ
496 3431 560 3485 κατὰ
575 3435 655 3486 τόπον
667 3431 800 3502 μεταβολή
813 3451 846 3488 or
865 3435 938 3501 latio,
952 3451 992 3501 or,
1006 3451 1035 3488 as
1053 3436 1075 3489 it
1094 3435 1116 3489 is
1133 3437 1292 3491 sometimes
1310 3437 1396 3491 called
1415 3437 1452 3508 by

299 3517 440 3578 Aristotle,
452 3516 535 3586 φορά.
572 3515 636 3569 The
649 3516 744 3569 others
756 3533 804 3570 are
817 3519 937 3572 motions
955 3525 1081 3586 amongst
1098 3519 1145 3572 the
1164 3526 1239 3589 parts
1257 3520 1290 3574 of
1305 3521 1354 3575 the
1369 3521 1452 3591 body,

299 3608 349 3656 not
362 3601 468 3654 motion
481 3599 513 3652 ol
522 3598 570 3652 the
583 3599 656 3667 body
668 3615 697 3653 as
709 3617 725 3653 a
738 3602 835 3656 whole.

334 3683 355 3715 ³¹
375 3685 427 3752 Cp.
448 3683 499 3736 Blr.
522 3684 550 3736 ii.
568 3682 638 3750 Aph.
658 3689 690 3748 48
713 3683 763 3753 (3),
782 3686 874 3739 where
892 3685 940 3738 the
959 3685 1058 3739 reader
1075 3686 1129 3738 will
1148 3703 1195 3740 see
1216 3687 1278 3740 how
1296 3687 1339 3742 iar
1357 3689 1451 3742 Bacon

298 3767 408 3822 himself
424 3783 479 3820 was
500 3765 572 3820 from
595 3767 829 3836 comprehending
850 3770 898 3822 the
920 3775 982 3822 true
1003 3768 1083 3822 Laws
1106 3769 1138 3823 of
1157 3770 1276 3824 Motion.
1313 3771 1377 3826 The
1396 3772 1451 3825 dis-

297 3853 416 3907 tinction
428 3850 461 3904 oi
470 3849 584 3904 Natural
596 3851 651 3903 and
665 3851 775 3906 Violent
789 3852 899 3906 Mation
914 3852 966 3905 will
979 3853 1014 3905 be
1026 3851 1121 3920 found,
1134 3859 1260 3920 amongst
1272 3870 1354 3924 many
1370 3855 1453 3910 other

297 3937 396 4004 places,
415 3935 442 3988 in
462 3933 543 4004 Phys.
564 3934 598 3988 iv.
617 3939 642 3999 8,
661 3951 686 3988 v.
706 3937 731 4002 6,
751 3936 804 3988 aud
823 3937 876 3989 viii.
896 3956 921 4001 4.
958 3935 1001 3988 All
1020 3935 1116 3989 bodies
1134 3935 1162 3988 in
1183 3937 1297 4004 motion,
1319 3939 1452 3994 Aristotle

297 4018 456 4080 conceived,
467 4018 600 4086 naturally
610 4017 677 4071 tend
688 4026 717 4071 to
730 4025 796 4086 rest,
804 4019 891 4087 heavy
903 4018 1006 4086 bodies,
1015 4035 1043 4072 as
1053 4018 1140 4084 earth,
1150 4020 1264 4086 tending
1273 4021 1453 4090 downwards,

297 4103 351 4156 and
363 4103 431 4170 light
443 4100 547 4165 bodies,
560 4118 589 4155 as
601 4099 659 4167 fire,
672 4101 785 4168 tending
798 4103 932 4171 upwards.
977 4102 1047 4156 This
1061 4103 1082 4155 is
1095 4103 1210 4156 Natural
1224 4103 1342 4157 Motion.
1387 4106 1452 4173 But,

297 4185 322 4239 if
336 4202 352 4239 a
363 4186 437 4253 body
449 4186 485 4238 be
498 4188 524 4238 in
538 4201 590 4251 any
603 4201 663 4253 way
675 4184 801 4238 diverted
813 4185 885 4239 from
898 4187 952 4239 this
965 4187 1070 4239 natural
1083 4187 1199 4249 motion,
1212 4203 1249 4250 as,
1262 4186 1307 4241 for
1320 4189 1452 4256 instance,

296 4270 377 4322 when
398 4285 443 4322 we
462 4269 552 4322 throw
573 4285 589 4322 a
609 4279 689 4321 stone
711 4269 845 4336 upuards,
865 4271 887 4323 it
908 4271 931 4323 is
950 4269 1008 4322 said
1030 4277 1060 4323 to
1085 4269 1120 4324 be
1142 4271 1241 4324 moved
1266 4271 1396 4341 violently
1419 4289 1454 4326 or

296 4352 469 4420 unnaturally
496 4351 553 4421 (βίᾳ
571 4367 604 4404 or
621 4353 691 4422 παρὰ
715 4351 821 4421 φύσιν).
865 4353 973 4418 Badies,
992 4353 1071 4406 while
1096 4353 1206 4422 moving
1230 4355 1257 4407 in
1282 4355 1452 4409 accordance

296 4436 363 4490 with
376 4440 484 4498 nature,
497 4450 543 4487 are
556 4433 614 4488 said
626 4440 656 4486 to
670 4434 735 4488 seek
748 4434 821 4488 their
833 4452 895 4490 own
909 4436 993 4504 place.
1031 4437 1101 4490 This
1114 4437 1274 4491 distinction
1291 4438 1323 4492 of
1336 4437 1452 4493 Natural

296 4519 350 4573 and
363 4518 474 4571 Violent
488 4517 598 4571 Motiou
612 4519 633 4571 is
646 4520 724 4584 again
737 4519 874 4574 criticlsed
887 4521 915 4573 ln
928 4521 954 4575 ii.
970 4523 1001 4588 36
1015 4519 1059 4592 (6)
1073 4521 1127 4574 arrd
1141 4526 1174 4588 48
1190 4519 1240 4592 (7).
