3324 5110
304 417 367 489 342
680 404 836 460 rvovurv
857 404 1076 461 ononrvuv.

303 570 538 655 cogitationem
559 567 740 633 humanam
763 568 911 632 subitura
932 566 1078 647 fuissent,
1100 566 1256 650 detegere
1278 577 1312 633 et
1334 567 1456 651 produ·

303 697 376 742 cere
392 685 511 759 potest.
557 671 668 754 Quare
687 695 731 736 ex
746 673 926 736 formarum
942 672 1130 737 inventione
1146 673 1292 755 sequitur
1306 682 1456 737 contem·

302 781 406 866 platio
421 801 507 858 vera,
525 788 558 843 et
573 779 723 862 operatio
738 777 841 841 libera
851 775 886 842 ²¹.

342 922 350 958 l

849 968 908 1034 IV.

346 1095 443 1160 Licet
461 1094 533 1159 viae
548 1094 591 1157 ad
607 1090 793 1176 potentiam
808 1100 910 1173 atque
929 1090 973 1154 ad
994 1089 1164 1155 scientiam
1180 1090 1361 1155 humanam
1377 1111 1455 1155 con·

299 1200 527 1286 junctissimae
548 1198 614 1262 sint
638 1205 671 1260 et
693 1195 761 1259 sere
784 1194 930 1272 eaedem,
945 1203 1058 1258 tamen
1080 1204 1217 1278 propter
1236 1195 1453 1278 perniciosam

303 1313 336 1368 et
362 1304 579 1367 inveteratam
606 1297 879 1364 consuetudinem
904 1298 1056 1360 versandi
1082 1298 1116 1360 in
1142 1297 1325 1375 abstractis,
1350 1297 1454 1361 tutius

302 1411 437 1475 omnino
453 1418 503 1473 est
517 1407 616 1473 ordiri
632 1416 665 1470 et
681 1406 827 1469 excitare
842 1404 994 1468 scientias
1009 1404 1053 1468 ab
1069 1404 1107 1468 iis
1127 1403 1350 1468 fundamentis
1369 1425 1454 1486 quae

302 1514 335 1576 in
354 1515 468 1577 ordine
490 1521 566 1575 sunt
589 1509 632 1574 ad
656 1519 784 1592 partem
807 1507 958 1586 activam,
978 1516 1079 1590 atque
1100 1518 1136 1571 ut
1157 1507 1212 1571 illa
1233 1509 1304 1590 ipsa
1325 1517 1454 1590 partem

302 1616 594 1699 contemplativam
615 1613 723 1696 signet
744 1621 779 1676 et
797 1611 1002 1675 determinet.
1047 1611 1239 1675 Videndum
1259 1613 1371 1696 itaque
1395 1620 1454 1690 est,

302 1722 344 1786 ad
361 1721 506 1802 aliquam
522 1727 673 1782 naturam
690 1736 788 1798 super
799 1735 917 1797 corpus
929 1715 1044 1778 datum
1060 1716 1283 1798 generandam
1296 1725 1329 1780 et
1340 1737 1454 1798 super·

302 1823 532 1898 inducendam,
557 1820 656 1903 quale
678 1821 751 1902 quis
776 1828 988 1902 praeceptum
1013 1828 1072 1883 aut
1094 1819 1226 1902 qualem
1249 1819 1323 1901 quis
1348 1820 1452 1884 direc-

301 1929 426 1992 tionem
457 1936 514 1990 aut
545 1924 777 1989 deductionem
810 1921 958 1986 maxime
986 1931 1137 2004 optaret;
1175 1922 1276 2005 idque
1303 1942 1454 1988 sermone

301 2030 442 2113 simplici
466 2039 499 2094 et
521 2028 656 2093 minime
678 2027 840 2091 abstruso.

346 2134 504 2217 Exempli
515 2133 641 2217 gratia3
665 2131 692 2194 si
704 2130 777 2213 quis
788 2138 926 2211 argento
939 2129 1050 2214 cupiat
1062 2131 1314 2214 superinducere
1329 2130 1451 2196 flavum

302 2239 445 2304 colorem
462 2238 530 2301 auri
548 2245 606 2300 aut
621 2244 837 2318 augmentum
856 2234 1010 2316 ponderis
1028 2233 1178 2322 (servatis
1199 2235 1327 2318 legibus
1348 2245 1453 2300 mate·

300 2343 367 2407 riae
375 2340 424 2429 22),
449 2351 507 2406 aut
537 2340 639 2423 lapidi
665 2339 762 2403 alicui
789 2358 855 2401 non
882 2338 1049 2420 diaphano
1075 2340 1366 2422 diaphaneitatem,
1392 2349 1451 2405 aut

299 2447 385 2510 vitro
407 2446 630 2518 tenacitatem,
647 2452 704 2506 aut
727 2441 854 2524 corpori
873 2441 970 2505 alicui
989 2462 1056 2506 non
1073 2443 1250 2526 vegetabili
1270 2445 1453 2527 vegetatio·

300 2572 398 2631 nem;
431 2549 612 2614 videndum
642 2544 805 2634 (inquam)
837 2555 896 2625 est,
922 2546 1020 2628 quale
1048 2547 1121 2631 quis
1150 2557 1364 2631 praeceptum
1395 2557 1453 2612 aut

300 2654 534 2719 deductionem
564 2653 772 2736 potissimum
802 2651 864 2713 sibi
894 2650 965 2714 dari
992 2660 1139 2735 exoptet.
1191 2651 1308 2734 Atque
1335 2652 1453 2734 primo,

301 2760 476 2842 exoptabit
492 2758 610 2840 aliquis
626 2754 841 2841 proculdubio
857 2755 918 2818 sibi
931 2757 1104 2820 monstrari
1120 2757 1243 2838 aliquid
1257 2757 1453 2838 hujusmodi,

301 2866 390 2948 quod
411 2884 511 2946 opere
530 2883 597 2926 non
618 2860 750 2925 frustret
771 2880 879 2942 neque
899 2861 1127 2944 experimento
1142 2861 1244 2927 fallat.
1289 2859 1452 2939 Secundo,

301 2968 475 3050 exoptabit
491 2969 564 3049 quis
579 2965 702 3048 aliquid
719 2965 780 3028 sibi
796 2965 981 3046 praescribi,
994 2967 1082 3046 quod
1095 2966 1201 3049 ipsum
1214 2987 1279 3030 non
1290 2967 1453 3048 astringat

301 3079 334 3134 et
357 3080 506 3134 coerceat
529 3072 571 3134 ad
596 3070 705 3133 media
728 3069 892 3150 quaedam
913 3078 946 3132 et
971 3070 1087 3132 modos
1110 3071 1272 3152 quosdam
1294 3069 1452 3152 operandi

299 3175 520 3256 particulares
565 3175 720 3237 Fortasse
743 3172 831 3234 enim
854 3172 1060 3251 destituetur,
1076 3194 1135 3238 nec
1157 3173 1293 3238 habebit
1315 3173 1452 3238 faculta-

299 3287 368 3340 tem
390 3287 424 3340 et
444 3277 717 3341 commoditatem
737 3275 818 3340 talia
840 3277 949 3340 media
969 3278 1183 3359 comparandi
1199 3287 1232 3341 et
1247 3279 1452 3360 procurandi.

300 3380 400 3463 Quod
421 3382 448 3444 si
467 3381 532 3445 sint
554 3391 587 3445 et
602 3380 667 3444 alia
684 3381 793 3443 media
809 3390 842 3444 et
858 3381 913 3444 alii
930 3380 1019 3445 modi
1036 3378 1180 3467 (praeter
1197 3383 1278 3446 illud
1297 3403 1452 3464 praecep·

299 3479 384 3571 tum)
401 3485 647 3567 progignendae
668 3484 743 3548 talis
764 3493 908 3562 naturae,
925 3505 963 3547 ea
984 3484 1123 3550 fortasse
1144 3507 1187 3548 ex
1204 3486 1242 3548 iis
1257 3494 1352 3548 erunt
1367 3505 1452 3568 quae

299 3599 376 3653 sunt
397 3589 430 3652 in
451 3590 617 3672 operantis
638 3596 822 3670 potestate3
848 3608 869 3651 a
889 3588 1008 3670 quibus
1028 3588 1239 3654 nihilominus
1255 3611 1315 3672 per
1333 3609 1452 3672 angus-

298 3693 362 3757 tias
378 3694 545 3776 praecepti
564 3692 767 3770 excludetur,
784 3712 844 3755 nec
860 3691 1001 3756 fructum
1017 3695 1136 3777 capiet.
1182 3694 1305 3770 Tertio,
1322 3693 1453 3776 optabit

299 3797 424 3880 aliquid
442 3799 504 3861 sibi
520 3797 703 3874 monstrari,
718 3798 807 3878 quod
824 3815 890 3859 non
906 3797 949 3860 sit
969 3817 1073 3880 aeque
1093 3797 1224 3861 difficile
1244 3819 1283 3862 ac
1303 3797 1359 3861 illa
1379 3798 1452 3880 ipsa

299 3903 447 3983 operatio
463 3902 506 3965 de
521 3922 586 3984 qua
602 3900 781 3984 inquiritur,
797 3902 855 3964 sed
872 3901 1006 3982 propius
1021 3901 1158 3965 accedat
1173 3902 1216 3965 ad
1232 3901 1360 3984 praxin.

344 4007 462 4089 ltaque
477 4007 519 4069 de
536 4014 713 4088 praecepto
727 4024 805 4068 vero
820 4012 854 4067 et
869 4004 1014 4086 perlecto
1026 4005 1193 4086 operandi,
1206 4007 1452 4088 pronuntiatum

334 4187 353 4220 ¹¹
373 4191 449 4246 That
466 4193 496 4260 is,
509 4191 693 4245 unrestricted
710 4196 740 4242 to
757 4191 811 4243 this
828 4205 861 4243 or
877 4190 938 4243 that
957 4189 1177 4258 object-matter.
1215 4191 1265 4259 Cp.
1278 4189 1356 4258 again
1370 4189 1420 4243 Bk.
1434 4191 1452 4243 i.

298 4272 429 4411 ΑρῃζιἈξέι
448 4365 498 4413 not
515 4359 594 4413 these
611 4358 702 4413 words
718 4358 841 4412 inserted
858 4357 886 4412 in
905 4358 988 4411 order
1007 4360 1037 4410 to
1056 4357 1181 4412 intimate
1197 4358 1258 4412 that
1276 4359 1324 4412 the
1341 4373 1452 4426 procu

297 4446 372 4494 must
388 4440 423 4494 be
436 4442 569 4508 regarded
586 4458 615 4496 as
631 4443 727 4510 purely
739 4441 868 4510 physical,
881 4441 935 4494 and
953 4446 983 4494 to
1000 4440 1115 4494 exclude
1131 4442 1328 4510 Superstitious
1341 4441 1453 4508 Magici

299 4523 355 4579 Mr.
370 4525 434 4579 Ellis
447 4526 584 4596 explains:
603 4525 697 4579 ‘Tbat
709 4526 739 4592 is,
753 4525 819 4580 with
832 4541 847 4578 a
860 4525 1075 4595 corresponding
1087 4523 1217 4580 decrease
1229 4523 1261 4580 of
1271 4524 1396 4581 volume.'
