3346 5104
308 417 372 484 266
686 425 843 484 NOVUM
864 425 1083 488 ORGANUM·

307 587 589 673 philosophiamm
613 595 648 653 et
673 589 890 670 scientiarum,
921 611 1006 673 quae
1038 589 1072 653 in
1103 609 1163 652 usu
1192 595 1280 664 sunt,
1308 587 1394 653 male
1425 609 1461 653 se

308 693 453 758 habeant
468 719 475 772 ;
499 694 567 757 sive
583 693 754 776 capiantur
769 715 814 759 ex
829 695 1008 777 originibus
1029 694 1183 776 ipsarum,
1200 693 1268 758 sive
1291 714 1336 756 ex
1351 693 1463 758 fructi-

309 795 378 874 bus,
406 797 474 860 sive
500 817 545 860 ex
569 797 802 880 progressibus,
825 797 894 860 sive
918 818 962 861 ex
978 796 1250 883 ,confessionibus
1275 795 1462 874 authorum,

309 900 377 964 sive
393 921 437 964 ex
456 921 637 980 consensu;
657 902 728 984 jam
744 902 870 966 dictum
886 910 945 966 est.

792 1077 988 1142 LXXVIII.

353 1197 429 1279 ,Iam
445 1219 523 1263 vero
537 1197 737 1264 veniendum
752 1199 796 1262 ad
812 1219 928 1263 causas
944 1220 1089 1263 errorum
1100 1197 1132 1278 ¹³,
1150 1207 1183 1262 et
1199 1207 1269 1262 tam
1287 1198 1462 1264 diuturnae

310 1300 343 1364 in
360 1301 422 1366 illis
438 1324 497 1385 per
511 1311 563 1366 tot
578 1303 689 1368 secula
706 1323 819 1368 morae
833 1327 841 1382 ;
864 1324 950 1385 quae
968 1303 1128 1386 plurimae
1149 1312 1225 1366 sunt
1242 1313 1275 1368 et
1299 1303 1461 1386 potentis·

309 1406 433 1471 simae:
461 1417 498 1471 ut
522 1407 659 1472 tollatur
687 1407 795 1473 omnis
824 1408 1010 1484 admirati0,
1036 1407 1118 1472 haec
1149 1427 1236 1490 quae
1265 1409 1461 1472 adducimus

309 1509 460 1575 homines
495 1512 666 1596 hucusque
699 1512 835 1576 latuisse
866 1523 900 1576 et
929 1511 1070 1595 fugisse;
1103 1521 1136 1575 et
1167 1520 1300 1575 maneat
1329 1521 1461 1575 tanturn

308 1617 494 1695 admiratio,
524 1616 582 1680 illa
612 1637 698 1682 nunc
729 1619 865 1682 tandem
895 1617 991 1681 alicui
1023 1615 1211 1680 mortalium
1250 1616 1282 1678 in
1314 1625 1461 1680 mentem

308 1721 419 1783 venire
443 1721 598 1803 potuisse,
626 1731 684 1786 aut
710 1722 946 1805 cogitationem
969 1720 1154 1803 cujuspiam
1178 1721 1337 1784 subiisse:
1369 1721 1460 1803 quod

309 1825 410 1888 etiam
434 1823 485 1908 (ut
510 1846 570 1889 nos
595 1827 840 1910 existimamus)
865 1825 1052 1890 foelicitatis
1078 1825 1184 1907 magis
1207 1834 1257 1888 est
1279 1824 1461 1906 cujusdam,

308 1949 409 2010 quam
433 1930 626 1994 excellentis
649 1929 787 2012 alicujus
813 1928 1002 2009 facultatis;
1023 1939 1059 1992 ut
1082 1930 1192 2010 potius
1217 1950 1276 2010 pro
1299 1929 1459 2011 temporis

308 2043 403 2114 partu
419 2033 533 2097 haberi
549 2034 678 2112 debeat,
694 2052 795 2116 quam
810 2054 869 2116 pro
889 2043 985 2116 partu
1000 2033 1122 2115 Ingenii
1134 2031 1168 2097 ¹⁴.

350 2136 460 2200 Primo
486 2147 600 2201 autem
622 2147 673 2201 tot
696 2137 879 2202 seculorum
906 2157 1068 2214 numerus,
1091 2158 1167 2201 vere
1189 2157 1258 2201 rem
1282 2139 1456 2218 reputanti,

306 2240 349 2303 ad
393 2261 530 2322 magnas
570 2242 739 2324 angustias
780 2242 904 2306 recidit.
965 2241 1054 2305 Nam
1088 2262 1133 2305 ex
1162 2242 1278 2324 vIginti
1308 2243 1455 2325 quinque

306 2364 468 2408 annorum
492 2347 655 2424 centuriis,
678 2347 712 2408 in
735 2347 853 2428 quibus
877 2346 1035 2409 memoria
1057 2355 1091 2409 et
1113 2345 1262 2410 doctrina
1284 2345 1455 2410 hominurn

306 2447 374 2511 fere
395 2459 552 2524 versatur,
568 2450 627 2513 vix
650 2470 711 2513 sex
734 2451 901 2514 centuriae
911 2448 937 2486 ¹⁵
955 2449 1070 2532 seponi
1093 2459 1127 2513 et
1150 2451 1283 2533 excerpi
1307 2461 1456 2532 possunt,

305 2571 390 2633 quae
415 2553 622 2616 scientiarum
648 2552 772 2618 feraces
802 2575 956 2618 earumve
985 2555 1158 2636 proventui
1189 2554 1285 2618 utiles
1315 2554 1456 2619 fuerunt.

306 2655 392 2720 Sunt
420 2657 507 2719 enim
533 2676 600 2719 non
624 2656 731 2720 minus
756 2667 944 2740 temporum
971 2679 1072 2740 quarn
1103 2658 1271 2740 regionum
1298 2659 1398 2722 eremi
1423 2667 1457 2722 et

303 2761 485 2825 vastitates.
531 2759 614 2824 Tres
640 2761 727 2824 enim
759 2771 889 2826 tantum
920 2763 1142 2826 doctrinarum
1173 2763 1392 2827 revolutiones
1423 2771 1457 2826 et

303 2865 431 2946 periodi
455 2874 544 2929 recte
567 2867 730 2929 numerari
753 2876 912 2947 possunt:
936 2887 1010 2944 una,
1026 2867 1121 2949 ,apud
1145 2865 1312 2945 Graecos3
1342 2867 1455 2944 altera,

339 3035 362 3072 ²³
382 3039 459 3093 Here
479 3040 560 3106 begIn
581 3041 629 3093 the
649 3056 744 3093 causes
763 3040 796 3094 of
817 3058 895 3095 error
915 3041 968 3094 and
988 3039 1021 3094 of
1036 3057 1067 3094 so
1088 3041 1152 3109 long
1171 3043 1355 3097 contiuuance
1375 3043 1403 3096 In
1425 3044 1456 3097 it.

304 3121 386 3191 They
399 3139 445 3176 are
458 3124 637 3177 enumerated
650 3141 678 3178 as
691 3125 794 3178 fifteen.

339 3203 361 3234 ¹⁴
379 3207 430 3273 Cp.
452 3207 523 3274 Aph.
546 3225 605 3260 ηπ.
643 3210 704 3261 One
725 3208 758 3262 of
775 3209 891 3262 Bacon's
911 3208 1001 3262 works
1022 3209 1044 3262 is
1063 3208 1151 3262 called
1173 3208 1337 3278 ‘Temporis
1358 3211 1457 3264 Partus

305 3288 461 3344 Masculus'
500 3290 532 3343 In
557 3307 573 3343 a
597 3291 680 3344 letter
702 3300 732 3344 to
759 3293 780 3344 F
782 3292 861 3345 ather
884 3293 905 3344 F
907 3292 1038 3359 uigentio,
1060 3293 1139 3359 given
1164 3293 1192 3345 in
1218 3293 1274 3347 Mr.
1296 3295 1457 3363 Spedding’s

305 3373 415 3426 Letters
435 3375 488 3426 and
507 3374 568 3427 Life
585 3374 618 3428 of
637 3374 730 3429 Bacon
749 3375 813 3444 (vol.
831 3376 874 3431 vii.
892 3393 919 3445 p.
933 3374 1006 3445 532),
1025 3376 1059 3430 he
1077 3393 1153 3446 says:
1173 3377 1325 3446 ‘Equidem
1344 3379 1457 3432 memini

304 3473 357 3522 me,
371 3457 550 3528 quadraginta
563 3458 661 3511 athnc
674 3460 759 3525 annis,
769 3461 889 3528 juvenile
909 3461 1069 3529 opusculum
1085 3462 1158 3514 cirea
1175 3461 1223 3514 has
1239 3479 1283 3515 res
1296 3462 1457 3530 confecisse,

304 3541 379 3608 quod
393 3557 491 3608 magna
508 3558 619 3611 prorsus
631 3543 730 3596 fiducia
746 3549 775 3597 et
792 3544 936 3610 magnifico
953 3545 1035 3598 titulo
1052 3544 1226 3613 “Temporis
1243 3546 1357 3600 Partum
1375 3547 1456 3600 Max·

304 3625 389 3678 imum
399 3625 414 3650 ¹¹
428 3627 568 3694 Inscripsi’
605 3625 645 3680 of
654 3627 708 3680 this
717 3626 838 3695 juvenile
850 3629 927 3682 work
940 3644 976 3681 no
988 3635 1065 3682 trace
1078 3628 1211 3698 probably
1223 3630 1245 3682 is
1257 3630 1297 3683 lef
1309 3671 1316 3684 .

339 3705 360 3738 ¹⁶
380 3708 413 3761 ln
426 3709 474 3763 the
488 3711 616 3777 Cogitata
632 3717 661 3762 et
676 3711 739 3764 Visa
753 3711 798 3780 (E.
811 3711 865 3764 and
878 3713 914 3780 8.,
927 3728 971 3780 pp.
984 3714 1045 3778 613,
1059 3712 1133 3782 614),
1150 3712 1186 3765 he
1203 3729 1263 3782 says
1280 3716 1288 3744 ‘
1296 3730 1390 3768 scarce
1403 3713 1455 3768 five

303 3794 459 3848 centuries!
497 3794 544 3847 He
556 3795 635 3847 there
648 3795 741 3848 makes
754 3812 790 3848 uo
803 3797 926 3849 mention
939 3794 972 3849 oi
981 3796 1028 3850 the
1040 3796 1118 3849 three
1132 3797 1248 3865 periods.

339 3878 376 3928 As
402 3878 458 3931 Mr.
482 3877 596 3932 Kitchin
623 3879 759 3946 observes,
781 3879 829 3932 the
855 3879 986 3933 duration
1011 3879 1043 3933 oi
1064 3881 1142 3934 these
1164 3880 1259 3934 ‘three
1283 3881 1409 3949 periods'
1435 3882 1458 3936 is

303 3960 406 4029 unduly
420 3962 570 4016 narrowed.
608 3963 664 4016 But
677 3963 769 4016 Bacon
787 3963 919 4033 probably
932 3963 1042 4031 wished,
1055 3965 1082 4017 in
1099 3963 1255 4032 estimating
1268 3964 1315 4018 the
1328 3965 1457 4019 duration

303 4042 335 4095 of
344 4044 392 4098 the
405 4046 498 4099 Greek
512 4047 615 4114 period,
628 4055 659 4100 to
671 4047 786 4100 exclude
803 4046 851 4101 the
863 4048 1023 4116 philosophy
1035 4047 1068 4101 of
1083 4049 1162 4101 Plato
1174 4047 1227 4101 and
1240 4049 1381 4115 Aristotle,
1394 4049 1458 4116 and,

304 4128 332 4179 in
344 4131 500 4196 estimating
512 4131 560 4184 the
573 4131 701 4184 duration
714 4129 747 4185 of
756 4131 803 4184 the
818 4131 933 4184 modern
945 4131 1050 4199 period,
1062 4138 1092 4184 to
1109 4132 1223 4184 exclude
1235 4131 1284 4185 the
1297 4132 1458 4203 philosophy

303 4210 336 4264 of
345 4212 392 4264 the
407 4213 581 4268 Schoolmen.
620 4213 648 4266 ls
659 4215 713 4267 this
730 4215 765 4268 be
780 4214 828 4268 the
846 4231 916 4282 case,
929 4231 971 4268 we
985 4231 1047 4283 may
1060 4215 1096 4268 fix
1109 4215 1156 4268 the
1170 4217 1263 4270 Greek
1276 4217 1371 4286 period
1384 4215 1458 4270 from
1485 4212 1489 4232 ¹

305 4294 408 4348 Thales
424 4303 455 4348 to
472 4297 560 4364 Plato,
574 4299 622 4350 the
641 4299 748 4351 Roman
766 4299 863 4366 period
878 4299 950 4352 from
968 4299 1068 4353 Cicero
1084 4317 1117 4354 or
1134 4300 1280 4353 Lucretius
1296 4308 1328 4354 to
1346 4301 1459 4356 Marcus

304 4379 439 4446 Aurelius,
453 4381 507 4432 and
521 4381 569 4434 the
586 4381 701 4434 modern
717 4380 812 4450 period
828 4381 899 4435 from
915 4383 963 4435 the
980 4382 1127 4450 beginnIng
1142 4382 1175 4436 of
1186 4384 1235 4436 the
1250 4385 1338 4436 revolt
1355 4386 1460 4450 against

305 4462 445 4532 Aristotle,
467 4481 508 4532 or,
529 4465 653 4535 perhaps,
676 4465 748 4520 from
770 4467 817 4521 the
839 4467 980 4521 Invention
1001 4467 1034 4522 of
1053 4467 1187 4537 PrIntiug,
1207 4474 1238 4522 to
1260 4469 1377 4523 Bacou's
1396 4484 1459 4524 own

303 4545 380 4600 tIme.
