3346 5104
312 427 375 507 184
761 430 1013 487 PRAEFATIO.

308 597 397 660 vitae
421 596 523 661 civilis
549 595 702 673 rationes
724 593 779 658 vel
801 594 890 677 quod
918 594 1007 657 illam
1034 592 1173 657 alteram
1197 592 1241 655 ob
1268 592 1388 657 mentis
1414 592 1463 656 in·

309 698 502 764 firmitatem
526 720 642 781 capere
670 708 704 762 et
727 698 903 780 complecti
926 717 991 761 non
1018 696 1145 780 possint
1174 691 1222 780 (id
1248 695 1337 777 quod
1362 695 1462 779 longe

308 802 458 884 plurimis
480 803 628 868 accidere
650 822 783 867 necesse
806 800 879 887 est),
895 811 1050 885 optamus
1072 808 1109 892 ut
1132 799 1170 862 iis
1188 797 1347 862 foeliciter
1364 809 1398 863 et
1417 821 1460 863 ex

307 915 387 969 voto
410 908 565 970 succedat
581 907 670 989 quod
690 913 802 987 agunt,
821 914 923 986 atque
946 914 983 969 ut
998 905 1087 985 quod
1111 911 1294 984 sequuntur
1315 911 1460 967 teneant

308 1006 409 1091 Quod
425 1010 452 1072 si
469 1010 520 1074 cui
536 1009 725 1073 mortalium
741 1009 831 1073 cordi
852 1016 885 1072 et
906 1028 1003 1071 curae
1022 1007 1074 1084 sit,
1090 1026 1156 1069 non
1172 1015 1303 1069 tantum
1320 1006 1460 1070 inventis

307 1111 441 1176 haerere
463 1122 565 1195 atque
587 1114 626 1176 iis
649 1112 705 1188 uti,
730 1113 788 1177 sed
810 1112 854 1175 ad
877 1111 1029 1175 ulteriora
1053 1120 1244 1193 penetrare;
1271 1118 1372 1192 atque
1392 1128 1458 1173 non

307 1214 508 1297 disputando
523 1215 754 1293 adversarium,
769 1215 828 1278 sed
851 1234 951 1296 opere
967 1223 1118 1276 naturam
1133 1213 1284 1291 vincere;
1308 1213 1458 1294 denique,

307 1339 373 1382 non
391 1320 478 1383 belle
498 1330 532 1384 et
552 1321 766 1403 probabiliter
782 1319 918 1401 opinari,
934 1319 992 1382 sed
1014 1327 1103 1382 certo
1124 1327 1159 1381 et
1176 1317 1340 1381 ostensive
1355 1316 1457 1394 scire3

305 1421 397 1500 tales,
422 1433 582 1505 tanquam
606 1425 674 1488 veri
698 1424 908 1487 scientiarum
934 1421 1000 1499 filii,
1026 1421 1120 1485 nobis
1146 1418 1188 1505 (si
1217 1417 1395 1504 videbitur)
1421 1440 1457 1484 se

304 1525 506 1608 adjungant3
529 1537 565 1590 ut
581 1528 709 1591 omissis
725 1537 861 1591 naturae
876 1526 975 1602 atriis,
991 1545 1077 1607 quae
1093 1523 1210 1587 infiniti
1226 1524 1455 1600 contriverunt,

304 1630 415 1694 aditus
444 1629 623 1714 aliquando
653 1631 697 1695 ad
726 1630 881 1694 interiora
907 1629 1054 1712 patefiat.
1113 1626 1229 1710 Atque
1265 1637 1302 1691 ut
1340 1625 1456 1690 melius

304 1733 536 1815 intelligamur,
556 1745 659 1817 utque
682 1733 761 1799 illud
785 1735 893 1818 ipsum
916 1735 1006 1815 quod
1029 1734 1180 1797 volumus
1201 1753 1245 1795 ex
1268 1730 1456 1795 nominibus

305 1836 466 1918 impositis
497 1839 602 1920 magis
631 1838 835 1902 familiariter
870 1847 1028 1914 occurrat,
1057 1837 1161 1900 altera
1190 1836 1273 1900 ratio
1305 1836 1373 1899 sive
1402 1835 1455 1898 via

303 1939 503 2021 Antt'cipatio
523 1941 659 2018 Mentis,
681 1941 786 2005 altera
802 1939 1031 2022 interpretatio
1052 1940 1214 2017 Naturae,
1236 1960 1257 2003 a
1279 1939 1374 2003 nobis
1395 1959 1454 2022 ap·

303 2041 419 2123 pellari
442 2045 619 2108 consuevit.
1278 2029 1280 2034 ¹

348 2144 411 2209 Est
426 2147 526 2211 etiam
542 2147 631 2230 quod
648 2146 830 2229 petendum
846 2147 982 2211 videtur.
1028 2148 1100 2210 Nos
1116 2155 1205 2210 certe
1219 2145 1454 2229 cogitationem

304 2249 507 2332 suscepimus
523 2260 557 2314 et
571 2270 682 2315 curam
699 2250 918 2330 adhibuimus,
933 2259 970 2315 ut
985 2270 1071 2333 quae
1085 2271 1106 2314 a
1121 2249 1216 2313 nobis
1231 2259 1456 2332 proponentur

305 2373 371 2415 non
387 2363 517 2418 tantum
532 2375 609 2418 vera
629 2365 747 2432 essent,
764 2357 823 2419 sed
843 2357 943 2419 etiam
963 2356 1007 2419 ad
1027 2355 1155 2419 animos
1175 2353 1346 2418 hominurn
1365 2351 1455 2438 (licet

304 2456 394 2520 miris
424 2458 532 2522 modis
561 2469 741 2542 occupatos
771 2466 805 2521 et
835 2453 1042 2544 interclusos)
1069 2477 1134 2522 non
1162 2457 1372 2521 incommode
1397 2467 1454 2520 aut

303 2579 420 2642 aspere
435 2563 638 2625 accederent.
679 2561 905 2625 Vemntamen
921 2581 1064 2643 aequum
1080 2571 1140 2637 est,
1158 2569 1194 2624 ut
1209 2561 1252 2624 ab
1266 2560 1455 2625 hominibus

303 2663 517 2745 impetremus
539 2663 587 2750 (in
610 2675 704 2729 tanta
726 2666 918 2746 praesertim
942 2664 1164 2728 doctrinarum
1188 2674 1222 2728 et
1245 2665 1454 2728 scientiarum

303 2765 554 2852 restauratione)
577 2778 613 2831 ut
636 2769 692 2850 qui
715 2767 868 2830 dehisce
891 2767 1010 2830 nostris
1033 2767 1167 2850 aliquid,
1190 2770 1260 2832 sive
1286 2787 1329 2832 ex
1356 2787 1453 2831 sensu

297 2871 442 2952 proprio,
458 2872 527 2935 sive
546 2893 588 2934 ex
610 2870 847 2936 authoritatum
867 2871 972 2950 turba,
988 2873 1056 2935 sive
1075 2893 1119 2935 ex
1134 2873 1452 2937 demonstrationum

303 2970 416 3037 formis
442 2971 542 3058 (quae
567 2996 653 3040 nunc
678 2985 838 3058 tanquam
864 2974 954 3057 leges
981 2977 1144 3057 quaedam
1168 2976 1339 3058 judiciales
1364 2977 1454 3039 inva-

301 3074 454 3160 luerunt),
466 3087 610 3142 statuere
625 3087 683 3142 aut
699 3079 890 3142 existimare
905 3075 993 3156 velit,
1006 3098 1048 3141 ne
1062 3078 1096 3141 id
1113 3079 1146 3142 in
1161 3080 1299 3143 transitu
1316 3088 1349 3143 et
1363 3079 1453 3143 velut

301 3177 391 3242 aliud
414 3181 544 3262 agendo
564 3181 671 3245 lacere
693 3203 728 3246 se
750 3201 848 3264 posse
871 3189 1002 3264 speret;
1024 3185 1083 3247 sed
1107 3193 1142 3246 ut
1166 3204 1235 3247 rem
1258 3192 1453 3265 pernoscat;

302 3293 458 3361 nostram,
474 3304 575 3365 quam
598 3287 812 3350 describimus
833 3294 866 3348 et
886 3287 1061 3364 munimus,
1082 3287 1170 3350 viam
1191 3287 1260 3368 ipse
1281 3286 1453 3371 paullatim

301 3395 431 3464 tentet;
458 3387 633 3452 subtilitati
656 3410 763 3453 rerum
787 3390 929 3472 quaein
953 3390 1157 3471 experientia
1180 3392 1308 3472 signata
1331 3401 1381 3454 est
1403 3411 1454 3454 as-

366 3501 515 3569 suescat3
553 3513 672 3574 pravos
696 3495 839 3575 denique
869 3502 970 3574 atque
999 3494 1066 3558 alte
1096 3493 1271 3558 haerentes
1297 3515 1389 3558 men·

430 3595 473 3658 tis
499 3594 633 3660 habitus
662 3597 861 3680 tempestiva
891 3607 924 3660 et
951 3598 1044 3679 quasi
1074 3597 1224 3680 legitima
1254 3620 1324 3663 mo·

498 3719 534 3762 ra
549 3702 691 3783 corrigat
700 3724 709 3777 ;
731 3711 832 3783 atque
844 3710 914 3764 tum
925 3702 1061 3764 demum
1071 3698 1112 3784 (si
1129 3703 1260 3785 placue-

530 3797 585 3890 rit)
596 3815 774 3886 postquam
785 3804 818 3866 in
828 3813 995 3884 potestate
1006 3825 1065 3867 sua
1075 3825 1146 3868 esse
1156 3825 1229 3869 coe-

647 3908 740 3989 perit,
760 3906 885 3988 judicio
907 3927 967 3970 suo
988 3917 1107 3973 utatur.

790 4089 967 4153 suourrun

479 4206 681 4281 PARTIS
718 4155 1026 4280 SECUNDAE
1064 4207 1278 4298 sunna,

813 4375 936 4417 morsm

691 4489 748 4551 IN
765 4489 1067 4552 APHORISMOS.
