3346 5104
539 435 815 493 DISTRIBUTIO
839 437 1000 494 OPERIS.
1286 447 1347 516 175

191 595 343 678 diversa3
366 607 404 663 ut
419 597 453 662 in
469 617 669 682 unoquoque
680 619 801 684 genere
816 601 1008 683 exemplum
1022 622 1087 666 non
1100 602 1195 667 desit.
1229 603 1348 687 Neque

191 703 236 766 de
261 703 300 766 iis
322 704 487 785 exemplis
509 703 674 786 loquimur
694 724 780 785 quae
803 705 940 786 singulis
963 706 1146 788 praeceptis
1166 727 1205 770 ac
1227 709 1348 790 regulis

192 805 379 870 illustrandi
393 807 501 889 gratia
516 806 715 888 adjiciuntur
726 804 802 891 (hoc
819 807 906 870 enim
922 809 956 870 in
971 810 1116 873 secunda
1131 819 1225 891 parte
1240 812 1348 894 operis

190 907 326 972 abunde
337 907 590 993 praestitimus);
613 910 671 974 sed
684 908 782 992 plane
794 918 894 991 typos
906 909 1118 995 intelligimus
1131 922 1164 977 et
1176 914 1348 996 plasmata,

192 1031 280 1093 quae
304 1013 491 1075 universum
513 1014 633 1076 mentis
654 1031 843 1094 processum
867 1022 970 1094 atque
988 1013 1175 1080 inveniendi
1199 1019 1348 1082 continu·

191 1123 283 1178 atam
300 1113 456 1179 fabricam
480 1124 513 1179 et
535 1117 694 1192 ordinem,
711 1116 744 1178 in
768 1115 864 1178 certis
886 1115 1051 1196 subjectis,
1068 1118 1173 1200 iisque
1194 1122 1291 1184 variis
1315 1131 1349 1186 et

192 1217 385 1300 insignibus,
411 1227 570 1300 tanquam
601 1219 663 1283 sub
689 1219 802 1283 oculos
829 1229 963 1300 ponant.
1024 1219 1158 1285 Etenim
1189 1223 1284 1287 nobis
1313 1225 1347 1288 in

192 1330 340 1385 mentem
352 1323 451 1400 venit,
467 1323 499 1384 in
516 1322 768 1398 mathematicis,
784 1332 914 1386 astante
930 1323 1089 1399 machina,
1102 1327 1193 1408 sequi
1210 1328 1348 1391 demon·

190 1425 388 1489 strationem
410 1425 541 1490 facilem
565 1437 599 1492 et
620 1428 851 1511 perspicuam
879 1436 993 1491 contra
1017 1429 1143 1511 absque
1168 1430 1230 1494 hac
1256 1452 1347 1495 com·

192 1528 364 1602 moditate,
378 1529 489 1593 omnia
499 1531 602 1594 videri
618 1529 766 1594 involuta
779 1540 821 1608 et,
832 1551 933 1612 quam
945 1551 1056 1594 revera
1067 1541 1152 1607 sunt,
1164 1533 1345 1598 subtiliora.

192 1631 315 1712 ltaque
332 1630 521 1712 hujusmodi
541 1635 705 1717 exemplis
728 1643 879 1715 quartam
900 1643 1029 1715 partem
1050 1635 1151 1698 nostri
1167 1638 1275 1717 operis
1298 1646 1348 1701 at-

191 1733 387 1797 tribuimus:
418 1757 505 1818 quae
529 1758 640 1802 revera
664 1737 709 1801 nil
735 1737 824 1801 aliud
849 1746 908 1814 est,
930 1758 1030 1820 quam
1054 1740 1217 1804 secundae
1245 1741 1348 1824 partis

191 1837 372 1920 applicatio
387 1840 592 1920 particularis
608 1849 642 1905 et
656 1840 832 1922 explicata.

239 2039 291 2104 At
306 2042 422 2124 quinta
443 2065 518 2126 pars
537 2045 580 2109 ad
601 2054 732 2127 tempus
747 2054 887 2120 tantum,
905 2046 1010 2109 donec
1033 2043 1157 2128 reliqua
1179 2045 1349 2128 perfician-

192 2153 257 2219 tur,
279 2144 475 2226 adhibetur;
498 2156 532 2211 et
555 2157 714 2231 tanquam
737 2149 852 2212 foenus
875 2148 1030 2223 redditur,
1050 2169 1153 2230 usque
1176 2149 1257 2213 dum
1278 2170 1348 2213 sors

192 2245 308 2310 haberi
332 2250 446 2331 possit.
501 2251 620 2334 Neque
647 2253 734 2314 enirn
761 2251 862 2315 finem
886 2261 1034 2314 nostrum
1058 2251 1105 2314 ita
1127 2253 1270 2333 petimus
1294 2273 1349 2316 oc·

194 2352 328 2429 caecati,
350 2361 386 2415 ut
406 2374 493 2435 quae
513 2362 687 2418 occurrunt
710 2355 743 2417 in
767 2354 821 2416 via
841 2353 935 2417 utilia
961 2353 1176 2436 negligamus.
1221 2354 1348 2436 Quam·

193 2452 309 2517 obrem
324 2456 475 2538 quintam
495 2467 623 2539 partem
647 2458 754 2540 operis
776 2479 819 2520 ex
843 2457 882 2519 iis
904 2456 1094 2520 conficimus
1110 2477 1195 2538 quae
1215 2479 1235 2521 a
1254 2458 1348 2521 nobis

193 2565 253 2620 aut
269 2558 403 2622 inventa
417 2569 476 2624 aut
499 2562 639 2643 probata
659 2572 717 2625 aut
737 2562 852 2625 addita
867 2570 963 2637 sunt;
986 2580 1093 2641 neque
1117 2560 1149 2623 id
1174 2570 1284 2624 tamen
1303 2580 1347 2623 ex

194 2659 378 2725 rationibus
393 2673 495 2744 atque
510 2665 719 2747 praescriptis
736 2664 980 2746 interpretandi,
990 2665 1049 2725 sed
1065 2683 1109 2725 ex
1122 2663 1240 2726 eodem
1252 2662 1347 2727 intel-

196 2759 301 2826 lectus
328 2786 388 2828 usu
416 2786 515 2847 quem
542 2767 597 2831 alii
628 2767 660 2830 in
685 2766 879 2849 inquirendo
906 2775 939 2830 et
965 2765 1162 2829 inveniendo
1191 2765 1348 2830 adhibere

196 2879 444 2932 consueverunt.
490 2868 625 2932 Etenim
648 2890 733 2947 cum,
749 2890 793 2932 ex
816 2879 975 2951 perpetua
998 2876 1109 2931 nostra
1131 2887 1207 2931 cum
1232 2879 1349 2932 natura

197 2972 443 3050 consuetudine,
460 2973 585 3054 majora
603 2974 646 3037 de
669 2972 940 3036 meditationibus
961 2971 1080 3035 nostris
1096 2991 1196 3053 quam
1218 2992 1277 3054 pro
1300 2973 1349 3035 in-

196 3074 283 3158 genii
294 3074 416 3138 viribus
426 3095 613 3157 speramus3
629 3085 700 3139 tum
711 3083 864 3157 poterunt
876 3075 939 3138 ista
947 3074 1049 3137 veluti
1062 3074 1348 3138 tabernaculorum

197 3181 230 3243 in
244 3178 297 3243 via
313 3178 495 3258 positorum
510 3179 581 3242 vice
596 3179 696 3261 fungi,
712 3187 749 3242 ut
765 3197 858 3240 mens
878 3177 921 3240 ad
942 3178 1081 3240 certiora
1097 3179 1309 3242 contendens
1316 3178 1348 3240 in

197 3282 236 3345 iis
257 3281 425 3364 paulisper
444 3281 642 3362 acquiescat.
687 3279 849 3344 Attamen
873 3289 1034 3343 testamur
1050 3280 1192 3356 interim,
1211 3301 1271 3344 nos
1286 3278 1350 3344 illis

197 3384 285 3466 ipsis,
305 3369 463 3465 quod'ex
485 3404 562 3447 vera
583 3383 819 3465 interpretandi
840 3382 945 3446 forma
966 3403 1030 3446 non
1053 3382 1119 3446 sint
1139 3382 1272 3446 inventa
1292 3392 1350 3447 aut

196 3486 344 3568 probata,
359 3485 463 3548 teneri
476 3485 611 3549 minime
626 3485 718 3549 velle.
765 3485 868 3548 Istam
880 3506 957 3549 vero
970 3484 1084 3566 judicii
1101 3485 1349 3567 suspensionem

197 3611 262 3653 non
285 3600 335 3654 est
359 3591 448 3672 quod
472 3591 649 3655 exhorreat
664 3591 838 3673 quispiam,
854 3591 888 3652 in
909 3592 1060 3656 doctrina
1075 3610 1161 3671 quae
1183 3610 1248 3653 non
1273 3591 1351 3654 sim-

197 3693 325 3776 pliciter
347 3694 391 3757 nil
415 3694 488 3757 sciri
512 3715 616 3776 posse,
637 3693 696 3758 sed
722 3693 766 3756 nil
792 3694 853 3756 nisi
879 3704 969 3758 certo
993 3693 1108 3756 ordine
1131 3701 1164 3755 et
1187 3702 1276 3755 certa
1297 3693 1351 3756 via

197 3797 271 3860 sciri
297 3817 402 3878 posse,
429 3796 566 3875 asserit;
598 3805 700 3878 atque
723 3795 849 3860 interea
875 3806 987 3858 tamen
1014 3804 1120 3859 certos
1147 3794 1351 3857 certitudinis

197 3900 319 3980 gradus
333 3900 376 3963 ad
392 3919 488 3961 usum
505 3909 538 3962 et
555 3899 706 3962 levamen
718 3898 896 3974 constituit,
908 3899 1013 3960 donec
1026 3916 1118 3959 mens
1134 3897 1166 3958 in
1179 3915 1350 3964 causarum

198 4002 421 4085 explicatione
441 4004 609 4067 consistat.
654 4002 774 4084 Neque
796 4002 882 4063 enim
909 3999 984 4063 illae
1008 4001 1100 4081 ipsae
1123 3997 1265 4084 scholae·
1277 3996 1351 4080 phi·

197 4104 409 4187 losophorum
432 4106 488 4187 qui
509 4105 749 4187 Acatalepsiam
772 4102 962 4186 simpliciter
984 4109 1158 4166 tenuerunt
1185 4099 1352 4164 inferiores

198 4207 288 4271 suere
318 4207 401 4286 istis,
419 4229 505 4290 quae
535 4207 768 4290 pronuntiandi
806 4205 972 4270 licentiam
1004 4211 1210 4285 usurparunt.
1271 4202 1352 4267 illae

199 4319 312 4374 tamen
336 4311 444 4374 sensui
467 4321 501 4374 et
524 4311 704 4374 intellectui
727 4309 852 4373 auxilia
870 4329 936 4372 non
958 4315 1163 4391 paraverunt,
1179 4306 1267 4387 quod
1291 4327 1352 4370 nos

198 4413 344 4492 lecimus,
365 4414 424 4478 sed
449 4414 551 4478 fidem
575 4422 609 4477 et
633 4412 866 4476 authoritatem
894 4411 991 4494 plane
1015 4406 1237 4488 sustulerunt;
1262 4411 1351 4490 quod

199 4515 297 4601 longe
312 4517 377 4582 alia
392 4537 443 4581 res
459 4527 517 4596 est,
533 4523 567 4581 et
582 4516 649 4580 sere
665 4515 829 4598 opposita.
