3220 5102
318 435 382 518 526
695 444 850 501 novun
873 443 1093 501 orcarum.

322 609 427 691 magis
444 608 662 674 necessarium
678 618 729 673 est
747 607 839 694 (quia
855 609 959 674 multa
975 630 1088 674 secum
1106 606 1231 696 trahit),
1250 619 1287 676 ut
1304 610 1485 674 intimetur

321 713 517 788 hominibus,
540 723 667 778 motum
686 714 869 778 violentum
888 711 1002 798 (quem
1027 735 1087 777 nos
1107 713 1335 793 nucham'cum,
1353 715 1484 778 Demo-

287 901 290 910 ,
321 818 432 894 oritus,
449 818 554 900 quiin
571 818 716 882 motibus
731 819 798 880 suis
813 819 927 901 primis
943 818 1161 900 expediendis
1179 820 1280 882 etiam
1302 819 1388 882 inira
1412 839 1484 881 me·

322 921 449 985 diocres
465 922 679 1006 philosophos
694 923 868 1004 ponendus
884 930 942 1001 est,
960 931 1087 985 motum
1100 922 1220 1004 plagae
1228 921 1254 961 ⁶³
1270 921 1423 1008 vocavit)
1439 923 1484 984 nil

321 1025 410 1088 aliud
427 1047 613 1108 essequam
630 1027 762 1091 Motum
778 1027 969 1104 Libertatis
984 1025 1109 1090 scilicet
1126 1047 1146 1090 a
1167 1027 1420 1109 compressione
1441 1029 1484 1090 ad

323 1129 572 1194 relaxationem.
618 1131 753 1194 Etenim
776 1131 808 1194 in
824 1131 914 1194 omni
930 1129 999 1194 sive
1017 1129 1158 1212 simplici
1179 1132 1391 1211 protrusione
1415 1131 1487 1194 sive

322 1233 435 1296 volatu
451 1254 510 1316 per
524 1241 644 1311 aeirem,
659 1254 725 1298 non
741 1233 778 1297 fit
794 1234 974 1298 summotio
989 1242 1048 1298 aut
1064 1233 1143 1297 latio
1159 1233 1280 1312 localis,
1295 1245 1486 1316 antequam

323 1347 433 1422 partes
449 1338 593 1420 corporis
612 1336 951 1421 praeter-naturaliter
970 1337 1139 1419 patiantur
1161 1346 1194 1400 et
1217 1339 1487 1420 comprimantur

323 1442 367 1506 ab
379 1440 580 1524 impellente.
617 1441 706 1505 Tum
721 1462 799 1506 vero
814 1441 963 1523 partibus
978 1441 1050 1504 aliis
1065 1439 1146 1504 alias
1162 1461 1221 1523 per
1234 1441 1486 1505 successionem
1579 1507 1580 1512 ,

324 1546 543 1624 trudentibus,
573 1545 676 1610 fertur
704 1545 869 1624 totum⁶⁹;
905 1565 965 1609 nec
995 1545 1103 1608 solum
1134 1545 1392 1628 progrediend0,
1426 1547 1486 1608 sed

325 1652 426 1714 etiam
445 1653 585 1715 rotando
603 1648 720 1728 simul;
743 1657 780 1713 ut
803 1651 905 1714 etiarn
928 1649 991 1713 hoc
1016 1650 1116 1712 modo
1139 1657 1249 1731 partes
1271 1670 1307 1713 se
1332 1648 1489 1725 liberare,

325 1765 382 1820 aut
406 1757 511 1838 magis
534 1777 577 1818 ex
600 1775 706 1837 aequo
728 1753 867 1818 tolerare
888 1755 1026 1836 possint.
1071 1753 1187 1836 Atque
1216 1754 1259 1818 de
1288 1754 1353 1818 hoc
1389 1763 1488 1818 motu

324 1860 493 1924 hactenus.

369 1962 419 2048 (4)
443 1963 495 2027 Sit
518 1962 631 2026 Motus
650 1960 803 2044 Quartus,
827 1971 937 2026 motus
960 1961 1011 2026 cui
1036 1982 1156 2026 nomen
1182 1963 1334 2028 dedimus
1367 1963 1489 2026 Motus

327 2065 484 2148 Hyles⁶⁰:
518 2067 574 2147 qui
601 2075 711 2130 motus
741 2065 967 2148 antistrophus
997 2074 1048 2129 est
1078 2066 1328 2148 quodammodo
1360 2065 1487 2140 Motui,

327 2173 371 2235 de
401 2191 467 2253 quo
497 2169 653 2248 diximus,
684 2169 873 2236 Libertatis.
932 2169 1068 2233 Etenim
1098 2171 1131 2232 in
1162 2169 1258 2234 Motu
1289 2169 1488 2245 Libertatis,
1580 2223 1581 2230 ,

328 2295 464 2357 corpora
487 2295 607 2340 novum
630 2275 816 2338 dimensum
839 2274 907 2338 sive
930 2294 1050 2337 novam
1071 2273 1244 2355 sphaeram
1267 2274 1336 2338 sive
1360 2293 1489 2337 novam

328 2377 556 2443 dilatationem
572 2388 630 2442 aut
646 2376 905 2442 contractionem
924 2373 1020 2463 (haec
1037 2377 1124 2440 enim
1144 2377 1319 2441 verbomm
1338 2378 1490 2440 varietas

328 2484 416 2547 idem
432 2479 551 2569 innuit)
562 2482 749 2560 exhorrent,
761 2490 927 2563 respuunt,
939 2478 1080 2563 lugiunt,
1096 2490 1129 2544 et
1145 2481 1266 2545 resilire
1280 2501 1319 2546 ac
1334 2490 1490 2545 veterem

327 2588 574 2652 consistentiam
590 2607 781 2669 recuperare
798 2585 878 2650 totis
892 2585 1015 2650 viribus
1037 2585 1249 2651 contendunt.
1294 2585 1345 2648 At
1366 2595 1489 2650 contra

328 2691 361 2754 in
376 2691 439 2756 hoc
457 2692 552 2755 Motu
576 2690 693 2772 Hyles,
709 2709 846 2771 corpora
868 2709 987 2752 novam
1013 2687 1186 2773 sphaeram
1204 2689 1274 2752 sive
1292 2689 1489 2753 dimensum
1581 2741 1582 2768 ,

328 2803 510 2877 appetunt3
541 2803 642 2876 atque
664 2793 707 2856 ad
731 2793 812 2859 illud
835 2792 976 2856 libenter
998 2801 1032 2858 et
1054 2813 1202 2875 propere,
1225 2803 1259 2857 et
1282 2794 1490 2876 quandoque
1581 2773 1582 2830 s

329 2896 553 2962 valentissimo
570 2898 650 2960 nixu
667 2893 718 2982 (ut
733 2897 766 2958 in
781 2897 915 2978 pulvere
931 2892 1039 2982 pyrio)
1055 2897 1210 2979 aspirant.
1256 2897 1489 2962 Instrumenta
1581 2937 1582 2950 .

329 3010 443 3065 autem
472 3001 571 3082 hujus
598 3010 716 3078 motus,
744 3021 810 3064 non
841 3000 912 3066 sola
942 3009 1038 3078 certe,
1064 3001 1123 3065 sed
1154 3001 1394 3083 potentissima,
1426 3012 1489 3066 aut

330 3104 450 3168 saltem
469 3103 740 3186 frequentissima,
758 3112 834 3168 sunt
851 3103 940 3168 calor
962 3113 996 3168 et
1019 3103 1129 3186 frigus
1174 3104 1334 3186 Exempli
1354 3106 1488 3187 gratia:

329 3213 393 3284 aer,
409 3207 435 3270 si
459 3227 518 3289 per
540 3215 707 3270 tensuram
730 3204 836 3291 (velut
858 3228 917 3290 per
938 3207 1149 3274 exuctionem
1173 3207 1206 3270 in
1229 3209 1299 3272 ovis
1320 3209 1436 3272 vitreis
1447 3205 1489 3293 ⁶¹)

330 3309 494 3387 dilatetur,
521 3329 643 3390 magno
670 3309 798 3376 laboret
824 3311 988 3375 desiderio
1014 3311 1159 3393 seipsum
1183 3311 1387 3376 restituendi.
1434 3310 1489 3374 At

365 3618 388 3652 ⁶⁸
406 3622 457 3676 See
469 3627 536 3678 note
550 3626 582 3690 56
596 3641 632 3678 on
645 3624 716 3694 Aph.
732 3643 772 3693 35,
786 3641 831 3694 pp.
845 3641 942 3692 4⁵2-3·
981 3625 1007 3678 lt
1020 3625 1042 3678 is
1056 3625 1166 3680 curious
1178 3630 1209 3679 to
1221 3626 1277 3680 find
1290 3625 1384 3682 Bacon
1395 3627 1424 3682 in
1437 3627 1487 3682 the

331 3712 441 3774 present
455 3723 564 3775 passage
577 3706 764 3776 depreciating
777 3709 965 3775 Democritus,
978 3708 1069 3762 whom
1082 3709 1117 3761 he
1130 3709 1233 3779 usually
1246 3715 1320 3764 rates
1331 3726 1362 3762 so
1374 3709 1479 3780 highly.

365 3786 388 3820 ⁶⁹
406 3790 457 3857 Cp.
471 3791 540 3858 Aph.
556 3793 587 3856 36
602 3791 651 3860 (6),
664 3792 756 3845 where
768 3792 803 3845 he
816 3793 913 3862 adopts
925 3791 972 3846 the
985 3808 1060 3846 same
1072 3793 1249 3862 explanation
1265 3792 1298 3848 of
1309 3793 1358 3847 the
1376 3795 1486 3848 motion

330 3871 362 3926 of
370 3873 536 3941 projectiles,
550 3875 657 3927 ‘motus
669 3875 826 3929 missilium?

366 3953 388 3986 ⁶⁰
406 3955 447 4026 By
459 3955 511 4010 this
525 3959 648 4010 ‘motus'
661 3958 683 4012 is
695 3965 788 4012 meant
800 3957 849 4012 the
861 3957 999 4028 tendency
1011 3957 1044 4014 ol
1053 3965 1155 4015 matter
1166 3967 1197 4014 to
1209 3976 1316 4016 assume
1328 3959 1384 4016 and
1395 3961 1485 4015 retain

330 4056 346 4095 a
366 4055 428 4092 new
446 4039 528 4107 form,
547 4040 585 4110 by
606 4057 699 4095 means
722 4041 754 4096 ol
776 4043 924 4113 expansion
946 4059 979 4096 or
999 4043 1182 4110 contractiori,
1204 4044 1231 4097 in
1252 4050 1376 4100 contrast
1398 4051 1430 4098 to
1452 4045 1486 4098 its

331 4123 477 4192 tendency,
497 4139 526 4176 as
547 4125 659 4178 noticed
679 4125 707 4178 in
728 4125 776 4180 the
797 4127 848 4179 last
865 4126 979 4194 section,
999 4132 1030 4180 to
1049 4131 1150 4190 revert‚
1167 4125 1240 4181 after
1255 4143 1308 4197 any
1326 4135 1484 4197 tempor-ary

332 4205 444 4273 change,
457 4214 488 4260 to
501 4207 536 4260 its
548 4207 662 4275 original
674 4208 756 4266 form.

368 4286 388 4319 ⁸¹
408 4289 453 4342 On
471 4289 525 4343 this
543 4291 675 4359 example,
692 4307 735 4360 cp.
748 4293 799 4348 last
815 4293 919 4347 section
938 4292 992 4347 aod
1007 4309 1053 4346 see
1070 4299 1137 4347 note
1157 4299 1187 4346 18
1206 4310 1243 4348 on
1257 4292 1328 4362 Aph.
1341 4311 1385 4359 45.
1422 4293 1486 4348 'lhe

332 4387 457 4440 pressure
475 4371 507 4427 of
522 4372 569 4426 the
588 4375 761 4443 atmosphere
780 4376 857 4446 (with
876 4376 966 4430 which
986 4375 1079 4431 Bacon
1097 4394 1152 4432 was
1168 4377 1380 4446 unacquainted)
1395 4375 1485 4432 would

332 4468 412 4506 cause
425 4454 473 4508 the
485 4455 525 4508 air
536 4463 566 4510 to
584 4457 636 4510 rise
649 4458 744 4512 within
762 4459 811 4515 the
829 4475 889 4527 egg,
901 4459 942 4514 till
959 4459 1008 4514 the
1020 4459 1149 4516 enclosed
1160 4461 1201 4516 alr
1213 4459 1339 4516 assumed
1349 4460 1398 4518 the
1410 4475 1484 4514 same

332 4533 439 4603 density
452 4551 480 4589 as
493 4536 552 4589 that
564 4538 681 4593 without
694 4539 723 4598 it.
