3220 5102
595 433 676 489 arn.
698 433 742 490 η.
764 424 818 505 48.
1222 441 1286 514 549

132 597 222 662 aliud
253 595 352 662 calori
377 605 411 662 et
441 596 561 681 frigori,
593 597 683 664 aliud
712 599 891 664 virtutibus
922 600 1126 685 magneticis,
1157 621 1286 668 necnon

131 703 204 766 aliis
220 700 386 767 nonnullis
403 704 592 786 respective.

175 803 248 892 (16)
271 807 324 872 Sit
348 807 462 872 Motus
485 807 644 874 Decimus
668 808 802 890 Sextus,
826 810 941 875 Motus
962 811 1089 894 Regius
1114 809 1175 899 (ita
1198 811 1286 876 enim

133 931 208 974 eum
221 909 444 998 appellamus)
459 913 526 976 sive
544 913 760 990 Politicus⁴⁵;
783 932 843 998 per
858 937 958 999 quem
973 927 1085 1000 partes
1102 917 1288 1000 incorpore

134 1015 246 1098 aliquo
261 1017 551 1098 praedominantes
567 1026 601 1082 et
616 1019 815 1100 imperantes
836 1020 977 1103 reliquas
997 1031 1107 1104 partes
1126 1021 1285 1098 fraenant,

135 1119 282 1198 domant,
306 1120 471 1204 subigunt,
494 1123 657 1201 ordinant,
679 1132 714 1187 et
736 1133 860 1206 cogunt
886 1146 942 1189 eas
964 1126 1111 1204 adunari,
1133 1125 1286 1208 separari,

135 1224 322 1303 consistere,
341 1226 474 1301 moveri,
496 1226 657 1304 collocari,
679 1247 744 1291 non
765 1249 809 1291 ex
827 1228 997 1294 desideriis
1015 1231 1090 1308 suis,
1110 1231 1168 1294 sed
1187 1238 1285 1312 prout

136 1325 169 1390 in
185 1327 299 1391 ordine
315 1329 358 1392 sit
373 1337 407 1392 et
423 1331 586 1394 conducat
601 1331 645 1394 ad
662 1330 747 1394 bene
763 1350 835 1395 esse
851 1333 953 1413 partis
968 1332 1054 1397 illius
1075 1333 1266 1415 imperantis
1280 1357 1287 1409 3

135 1430 220 1493 adeo
239 1440 276 1494 ut
294 1432 336 1494 sit
355 1433 448 1515 quasi
467 1432 624 1514 Regimen
643 1441 676 1497 et
694 1433 821 1498 Politia
842 1436 1016 1517 quaedam,
1032 1455 1133 1519 quam
1154 1444 1287 1498 exercet

134 1552 211 1615 pars
237 1555 354 1618 regens
379 1536 413 1598 in
439 1545 551 1618 partes
576 1536 734 1600 subditas.
790 1536 926 1602 Eminet
954 1547 1067 1603 autem
1097 1538 1150 1604 hic
1177 1545 1287 1600 motus

134 1637 310 1720 praecipue
331 1638 364 1701 in
387 1639 557 1720 spiritibus
578 1637 780 1718 animalium,
796 1640 852 1722 qui
875 1650 986 1705 motus
1004 1662 1119 1706 omnes
1141 1640 1286 1724 partium

136 1741 344 1826 reliquarum,
373 1742 531 1825 quamdiu
558 1742 629 1826 ipse
655 1741 688 1806 in
715 1742 828 1824 vigore
855 1753 913 1824 est,
940 1753 1177 1828 contemperat.
1233 1743 1288 1806 In·

134 1844 264 1908 venitur
281 1854 393 1910 autem
415 1846 447 1908 in
468 1846 540 1910 aliis
558 1846 746 1929 corporibus
765 1846 798 1909 in
820 1849 925 1930 gradu
948 1850 1094 1931 quodam
1117 1846 1288 1926 inferiore3

136 1948 418 2030 quemadmodum
441 1950 566 2014 dictum
593 1959 644 2016 est
671 1949 714 2014 de
739 1951 899 2033 sanguine
921 1961 955 2016 et
978 1951 1089 2028 urinis,
1112 1972 1199 2034 quae
1221 1971 1287 2014 non

136 2050 308 2114 solvuntur
333 2051 439 2116 donec
465 2053 607 2135 spiritus,
634 2052 690 2136 qui
717 2062 828 2135 partes
855 2075 967 2119 earum
995 2055 1231 2121 commiscebat
1255 2061 1289 2118 et

136 2154 322 2230 cohibebat,
346 2157 485 2220 emissus
506 2156 603 2220 fuerit
628 2166 687 2220 aut
712 2157 900 2223 suffocatus.
946 2159 1066 2242 Neque
1089 2160 1152 2224 iste
1178 2167 1289 2222 motus

137 2259 273 2322 omnino
296 2259 463 2341 spiritibus
489 2261 640 2343 proprius
666 2269 727 2335 est,
754 2259 830 2324 licet
855 2261 888 2323 in
912 2261 1077 2345 plerisque
1098 2261 1289 2344 corporibus

137 2363 271 2444 spiritus
301 2364 512 2427 dominentur
543 2363 586 2427 ob
619 2373 747 2427 motum
778 2364 917 2428 celerem
951 2375 984 2430 et
1015 2367 1288 2448 penetrationem.

137 2467 362 2531 Veruntamen
374 2468 408 2529 in
421 2467 611 2550 corporibus
623 2467 729 2548 magis
744 2468 961 2549 condensatis,
974 2489 1034 2532 nec
1050 2469 1164 2552 spiritu
1180 2468 1290 2531 vivido

138 2580 172 2636 et
201 2571 335 2653 vigente
365 2567 485 2656 (qualis
514 2572 600 2635 inest
629 2580 767 2655 argento
796 2572 871 2636 vivo
904 2581 937 2636 et
969 2568 1115 2656 vitriolo)
1149 2571 1289 2654 repletis,

138 2676 350 2740 dominantur
367 2675 478 2757 potius
496 2685 607 2758 partes
627 2675 820 2754 crassiores;
850 2675 935 2739 adeo
953 2685 990 2740 ut
1009 2675 1070 2738 nisi
1089 2673 1237 2739 fraenum
1257 2683 1291 2738 et

135 2779 253 2863 jugum
276 2779 339 2844 hoc
360 2788 430 2842 arte
449 2779 560 2861 aliqua
582 2779 777 2858 excutiatur,
796 2779 838 2842 de
861 2799 947 2843 nova
968 2779 1079 2861 aliqua
1100 2777 1290 2860 hujusmodi

138 2903 313 2968 corporum
343 2883 629 2947 transformatione
659 2883 795 2947 minime
824 2884 1024 2966 sperandum
1057 2883 1110 2946 sit.
1171 2883 1291 2963 Neque

138 3009 216 3052 vero
246 2977 410 3071 quispiam
441 3008 501 3051 nos
531 2987 652 3052 oblitos
683 3009 754 3053 esse
784 2988 952 3053 existimet
983 2987 1053 3072 ejus
1083 2985 1173 3071 quod
1204 3006 1290 3050 nunc

138 3093 267 3175 agitur3
301 3093 379 3175 quia
405 3112 481 3156 cum
505 3090 569 3157 ista
594 3092 693 3156 series
720 3101 752 3157 et
780 3092 968 3157 distributio
993 3100 1145 3156 motuum
1172 3091 1214 3154 ad
1244 3091 1290 3153 nil

137 3197 227 3260 aliud
242 3206 379 3279 spectet,
397 3217 498 3281 quam
521 3205 557 3262 ut
579 3196 710 3260 illorum
724 3195 1012 3279 praedonn'nanria
1034 3216 1093 3280 per
1115 3195 1291 3260 instantias

137 3301 239 3365 luctae
269 3301 386 3365 melius
415 3300 605 3385 inquiratur,
631 3301 703 3384 jam
734 3301 819 3366 inter
848 3310 959 3365 motus
988 3301 1077 3381 ipsos
1102 3299 1290 3383 praedomi-

137 3533 262 3587 ‘Gassiot
277 3533 325 3586 has
342 3531 445 3600 proved
458 3531 518 3584 that
531 3531 558 3584 in
571 3547 587 3584 a
599 3547 714 3584 vacuum
732 3532 873 3600 produced
890 3532 926 3600 by
939 3531 1071 3586 chemical
1084 3546 1186 3596 means,
1199 3529 1289 3583 which

136 3618 158 3670 is
170 3619 218 3671 the
231 3621 305 3669 most
316 3613 423 3683 perfect
435 3614 591 3681 attainable,
603 3629 638 3667 an
651 3615 789 3667 electrical
801 3613 942 3681 discharge
955 3613 1022 3666 does
1035 3618 1085 3665 not
1097 3627 1172 3679 pass:
1191 3611 1245 3664 and
1261 3617 1290 3664 at

135 3706 248 3771 present
268 3701 290 3752 it
310 3699 332 3751 is
353 3697 515 3751 considered
535 3697 595 3750 that
615 3713 631 3750 a
648 3697 816 3765 ponderable
835 3697 957 3750 medium
976 3697 998 3749 is
1016 3710 1160 3764 necessary
1178 3694 1223 3748 for
1241 3695 1290 3747 the

135 3785 313 3854 propagation
329 3781 361 3834 of
377 3780 548 3849 electricity.'
585 3781 703 3834 Ganot's
720 3780 841 3848 Physics,
860 3781 875 3848 §
895 3782 957 3846 698.
997 3780 1022 3831 A
1041 3784 1153 3845 magnet
1170 3778 1225 3830 will
1243 3784 1290 3831 act

135 3869 163 3922 in
177 3883 270 3934 vacu0,
282 3866 333 3918 but
347 3865 369 3917 F
370 3864 470 3932 araday
482 3865 530 3916 has
546 3863 640 3918 shewn
659 3863 721 3916 that
738 3879 754 3916 a
772 3862 927 3930 substance,
939 3862 1030 3916 which
1046 3862 1068 3915 is
1086 3861 1289 3932 paramagnetic

135 3953 162 4005 in
175 3965 270 4016 vacuo,
283 3965 345 4018 may
357 3948 474 4005 become
486 3947 668 4014 diamagnetic
681 3947 708 3998 in
721 3946 770 4000 air.

170 4032 193 4064 ⁴⁶
212 4033 282 4086 This
299 4032 451 4085 somewhat
469 4029 580 4084 fanciful
601 4031 708 4097 notion,
726 4029 779 4084 still
801 4044 879 4084 more
901 4027 1042 4099 fancifully
1063 4027 1224 4095 illustrated,
1244 4043 1289 4080 re·

134 4117 226 4188 quires
243 4133 280 4170 no
297 4121 447 4168 comment
485 4113 582 4168 Better
600 4114 776 4168 illustratione
792 4113 883 4168 would
901 4114 969 4168 have
988 4114 1068 4180 been,
1086 4113 1113 4165 in
1133 4117 1242 4180 respect
1260 4111 1292 4164 of

133 4199 318 4267 determiniug
339 4198 486 4266 functione,
506 4198 554 4252 the
576 4199 652 4267 place
673 4197 706 4251 of
725 4198 773 4252 the
793 4198 873 4252 beart
894 4199 948 4252 and
969 4198 1047 4252 hrain
1069 4198 1096 4250 in
1119 4196 1167 4250 the
1189 4194 1289 4248 animal

134 4302 278 4354 economy,
291 4300 332 4350 or,
346 4284 373 4336 in
387 4289 496 4352 respect
509 4280 542 4336 of
556 4283 668 4336 relative
680 4282 859 4351 importance,
873 4283 933 4336 that
950 4282 983 4336 of
995 4284 1044 4336 the
1061 4278 1243 4335 seed-vessels
1260 4279 1288 4332 in

133 4371 233 4441 plants.
272 4367 328 4420 For
346 4367 394 4421 the
412 4365 566 4435 metaphor,
584 4382 628 4434 cp.
645 4366 728 4419 Arist.
747 4365 806 4420 Pol.
825 4365 843 4418 i.
862 4381 876 4431 5
896 4363 953 4435 (⁶):
978 4364 993 4434 ἡ
1011 4364 1128 4436 μὲνγὰρ
1147 4361 1223 4434 ψυχὴ
1241 4364 1289 4417 τοῦ

135 4455 255 4522 σώματος
266 4451 341 4523 ἄρχει
354 4449 510 4520 δεσποτικὴν
520 4448 610 4522 ἀρχήν,
623 4451 638 4504 d
651 4449 679 4504 δὲ
692 4452 750 4506 νοῦς
762 4451 807 4518 τῆς
820 4448 930 4521 ὀρέξεως
940 4448 1075 4518 πολιτικὴν
1088 4449 1129 4502 eol
1139 4443 1289 4516 βασιλικῆν,

134 4559 157 4593 κ.
165 4559 188 4592 τ.
196 4539 223 4592 λ.
