3324 5110
300 429 364 518 358
677 437 834 494 NOVUM
855 436 1074 496 ORGANUM.

431 619 548 684 parurn
581 599 756 666 masticata
784 598 1009 683 percipiuntur
1037 595 1154 676 calida,
1185 605 1220 664 et
1249 597 1342 682 quasi
1374 600 1456 666 adu·

432 704 545 769 rentia.

303 808 352 875 26.
374 806 521 872 Acetum
542 805 635 885 sorte,
652 816 686 871 et
707 806 819 871 omnia
840 805 943 884 acida,
959 805 993 870 in
1012 803 1162 870 membro
1176 804 1232 868 ubi
1249 826 1315 870 non
1330 805 1372 870 sit
1388 805 1457 888 epi·

431 911 562 990 dermis,
585 920 622 976 ut
644 911 677 975 in
700 911 806 988 oculo,
827 910 952 993 lingua,
970 918 1028 974 aut
1049 907 1161 991 aliqua
1183 909 1248 974 alia
1270 919 1365 992 parte
1385 909 1457 976 vul-

432 1024 554 1092 nerata,
580 1023 614 1079 et
645 1023 720 1080 cute
750 1015 891 1092 detecta,
921 1012 1069 1078 dolorem
1099 1013 1195 1089 cient,
1223 1032 1288 1078 non
1314 1012 1456 1078 multum

431 1120 674 1201 discrepantem
690 1119 733 1184 ab
749 1140 798 1196 eo,
816 1120 872 1202 qui
888 1117 1053 1186 inducitur
1067 1137 1088 1181 a
1104 1116 1221 1182 calido.

302 1241 353 1304 27.
377 1224 489 1288 Etiam
510 1224 631 1306 frigora
650 1222 739 1288 acria
760 1232 794 1288 et
814 1223 945 1288 intensa
965 1222 1127 1288 inducunt
1142 1241 1274 1286 sensum
1290 1222 1455 1304 quendam

432 1327 592 1408 ustionis;

561 1487 634 1542 Nam
653 1485 760 1542 Boreae
778 1487 948 1558 penetrabile
965 1487 1051 1556 frigus
1068 1485 1197 1543 adul-itt.

304 1575 353 1640 28.
377 1576 466 1643 Alia.

346 1681 445 1746 Hanc
476 1679 619 1746 tabulam
648 1661 803 1745 essentiae
831 1688 864 1743 et
882 1680 1087 1762 praesentiae
1118 1677 1288 1762 appellare
1320 1699 1455 1744 consue·

300 1785 416 1849 vimus.
432 1801 443 1822 ⁸

836 1870 918 1935 XII.

346 2008 510 2088 Secundo,
526 2008 677 2074 iacienda
698 2018 749 2075 est
770 2009 987 2092 comparantia
1009 2010 1052 2074 ad
1076 2008 1281 2074 intellectum
1305 2009 1456 2074 imtanti-

301 2135 406 2192 arum,
422 2132 507 2194 qnae
522 2122 639 2177 natura
655 2114 734 2178 data
750 2114 939 2195 privantur:
962 2112 1040 2196 quia
1060 2112 1167 2178 forma
1183 2108 1234 2199 (ut
1249 2113 1376 2178 dictum
1392 2111 1455 2200 est)

301 2237 367 2280 non
388 2217 495 2279 minus
516 2216 633 2282 abesse
652 2215 761 2294 debet,
778 2216 833 2280 ubi
855 2225 973 2280 natura
993 2215 1074 2280 data
1088 2216 1194 2292 abest,
1210 2236 1312 2299 quam
1330 2217 1456 2297 adesse,

301 2321 357 2384 ubi
373 2317 468 2398 adest
478 2320 512 2382 ⁶⁹.
560 2321 637 2384 Hoc
652 2341 730 2384 vero
745 2319 911 2383 infinitum
930 2329 1017 2384 esset
1032 2319 1066 2382 in
1081 2319 1245 2384 omnibus.

346 2425 465 2509 Itaqqe
480 2424 710 2507 subjungenda
721 2433 799 2488 sunt
811 2423 963 2506 negativa
977 2422 1198 2508 affirmativis,
1209 2433 1243 2488 et
1257 2423 1457 2506 privationes

302 2528 528 2612 inspiciendae
547 2538 679 2593 tantum
700 2527 816 2593 inillis
837 2527 993 2610 subjectis
1015 2548 1099 2610 quae
1120 2537 1197 2592 sunt
1216 2529 1364 2591 maxime
1380 2548 1456 2610 cog-

301 2643 380 2696 nata
406 2632 469 2696 illis
495 2632 614 2709 alteris,
641 2632 675 2696 in
701 2632 821 2715 quibus
847 2639 965 2695 natura
992 2631 1073 2695 data
1099 2631 1185 2694 inest
1217 2640 1250 2694 et
1276 2640 1455 2713 comparet.

303 2735 400 2800 Hanc
417 2735 559 2799 tabulam
574 2733 805 2814 declinationis,
820 2735 889 2798 sive
903 2732 1066 2798 absentiae
1083 2733 1119 2796 in
1128 2733 1282 2816 proximo
1292 2731 1327 2814 ⁷⁰,
1342 2734 1456 2818 appel-

273 2830 369 2915 'ffire
384 2839 623 2905 consuevimus.

401 3021 586 3086 Instantiae
601 3021 635 3085 in
642 3019 802 3103 proxima,
819 3038 904 3101 quae
919 3018 1089 3102 privantur
1104 3028 1220 3083 natura
1236 3018 1353 3084 Calidi.

326 3172 496 3214 narranaam
565 3168 592 3214 1.
616 3149 733 3213 Lunae
755 3157 788 3212 et
810 3147 980 3212 stellarum
1004 3157 1037 3212 et
1060 3158 1264 3214 cometarum
1286 3148 1368 3212 radii
1389 3168 1456 3212 non

300 3224 497 3364 iiffriffditi'iii
518 3254 726 3317 inveniuntur
748 3251 844 3316 calidi
867 3253 911 3316 ad
933 3260 1061 3316 tactum
1071 3251 1110 3317 ⁷¹:
1138 3253 1320 3336 quinetiam
1343 3253 1455 3317 obser-

300 3338 496 3426 i'enffisffiv'i‘
517 3357 585 3421 vari
607 3356 715 3420 solent
735 3355 894 3420 acerrima
920 3355 1041 3439 frigora
1067 3357 1100 3422 in
1124 3356 1315 3440 pleniluniis
1323 3355 1360 3422 ⁷².
1404 3355 1456 3420 At

337 3557 358 3589 ⁸⁸
376 3558 451 3624 Virg.
464 3557 567 3624 Georg.
580 3557 597 3610 l.
611 3575 654 3623 93.

336 3641 358 3674 ⁶⁰
376 3643 413 3696 So
434 3641 476 3696 far
496 3657 525 3695 as
548 3641 768 3709 Fonn=Cause,
788 3640 811 3695 it
835 3646 917 3708 must,
937 3657 966 3694 as
990 3639 1101 3710 already
1123 3639 1277 3708 remarked,
1299 3640 1334 3694 be
1359 3641 1457 3694 absent

301 3725 393 3782 where
411 3726 459 3779 the
477 3727 556 3793 given
576 3730 674 3779 nature
694 3725 716 3778 is
737 3725 833 3778 absent
854 3725 955 3794 (unless
974 3725 1184 3791 counteracting
1204 3740 1299 3778 causes
1319 3723 1387 3778 have
1406 3723 1455 3777 de·

301 3809 413 3880 stroyed
425 3811 460 3863 its
473 3807 589 3878 effecta),
602 3809 653 3862 but
666 3807 768 3879 (owing
784 3815 815 3863 to
832 3809 880 3863 the
896 3810 1095 3863 circumstance
1108 3807 1140 3862 of
1156 3807 1288 3876 Plurality
1300 3807 1333 3861 of
1343 3805 1456 3876 Causes)

301 3896 323 3949 it
336 3896 406 3949 need
419 3899 469 3948 not
481 3893 644 3962 necessarily
657 3894 692 3947 be
710 3899 832 3962 present,
844 3892 936 3946 where
955 3892 1004 3946 the
1022 3893 1101 3960 given
1121 3899 1218 3946 nature
1231 3892 1253 3945 is
1265 3897 1394 3960 present3
1413 3891 1457 3945 sor

301 3979 349 4033 the
361 3979 440 4046 given
453 3983 551 4032 nature
565 3994 627 4046 may
640 3977 696 4031 also
708 3977 744 4030 be
757 3977 811 4030 due
824 3983 854 4030 to
867 3991 944 4029 some
958 3975 1040 4029 other
1053 3990 1142 4030 cause.

336 4061 358 4092 7⁰
376 4060 440 4115 The
459 4061 536 4116 value
554 4061 586 4114 of
605 4061 682 4114 these
702 4061 839 4114 instances
862 4059 992 4128 depends,
1011 4056 1044 4111 oi
1060 4073 1167 4125 course,
1184 4074 1221 4111 on
1243 4059 1292 4112 the
1312 4055 1460 4112 extentos

301 4146 374 4202 their
391 4143 610 4213 approximation
630 4149 661 4197 to
679 4142 727 4196 the
749 4142 897 4196 Instantiae
920 4141 1131 4207 Convenientes‚
1151 4157 1192 4206 or,
1209 4142 1237 4193 in
1257 4140 1340 4194 other
1358 4141 1457 4210 words,

301 4247 338 4285 on
350 4228 399 4282 the
411 4233 508 4282 extent
526 4232 557 4281 to
569 4226 658 4280 which
676 4225 725 4279 the
743 4232 800 4280 two
818 4227 964 4292 instances,
976 4225 1056 4279 when
1076 4225 1160 4279 taken
1173 4223 1311 4293 together,
1323 4223 1391 4278 fulfil
1408 4225 1458 4278 the

301 4312 456 4369 conditions
468 4311 500 4364 ol
514 4310 562 4364 the
576 4309 696 4364 Method
708 4309 741 4363 of
756 4310 923 4364 Difference.
959 4309 1023 4362 The
1036 4325 1115 4363 more
1127 4308 1228 4378 closely
1241 4307 1308 4377 they
1320 4307 1458 4377 approach

301 4399 329 4452 in
342 4395 422 4450 other
434 4401 564 4464 respecta,
577 4394 626 4448 the
638 4409 717 4449 more
730 4393 811 4464 likely
823 4409 871 4447 are
882 4407 925 4448 we
936 4399 967 4446 to
979 4393 1075 4448 detect
1091 4393 1138 4446 the
1151 4407 1232 4447 cause
1244 4391 1278 4446 of
1287 4391 1359 4446 their
1370 4391 1458 4445 varia·

303 4483 372 4535 tion.

336 4560 357 4594 '¹
376 4563 420 4615 On
441 4561 489 4615 the
511 4575 576 4632 very
597 4560 759 4629 interesting
779 4560 952 4631 experiment
973 4559 1011 4630 by
1029 4558 1119 4614 which
1141 4557 1266 4628 Melloni,
1285 4558 1314 4612 in
1334 4557 1406 4629 spite
1428 4555 1462 4613 oi
