3220 5102
534 453 538 460 ·
622 448 703 505 arn.
725 450 769 507 rr.
792 440 846 520 48.
1130 423 1138 432 “
1247 437 1312 532 52'5

159 611 292 678 embolo
302 612 340 678 ³³.
386 610 560 695 Quatenus
573 633 651 679 vero
666 615 709 679 ad
725 614 952 680 liberationem
970 637 990 680 a
1008 626 1149 698 tensura,
1164 623 1311 686 ostendit

159 739 195 784 se
220 719 274 784 hic
297 727 407 784 motus
429 718 463 782 in
486 725 562 782 aere
584 728 660 801 post
683 721 894 784 exactionem
919 722 952 784 in
976 723 1045 786 ovis
1068 724 1178 788 vitreis
1205 746 1310 790 rema-

160 823 305 898 nente⁵⁶,
336 824 370 886 in
400 822 539 899 chordis,
570 823 604 886 in
637 823 733 901 corio,
762 833 795 890 et
830 846 949 908 panno,
983 827 1202 892 resilientibus
1235 839 1311 912 post

160 936 312 992 tensuras
333 947 418 1004 suas,
441 926 503 990 nisi
524 935 677 990 tensurae
700 926 775 990 illae
797 949 857 1009 per
879 950 1005 994 moram
1029 931 1232 1012 invaluerint,
1249 943 1311 998 etc.

161 1029 277 1112 Atque
292 1029 379 1093 hunc
396 1039 524 1092 motum
541 1028 663 1094 Schola
677 1030 739 1093 sub
755 1033 888 1096 nomine
904 1034 1019 1099 Motus
1034 1058 1078 1100 ex
1095 1037 1219 1102 Forma
1234 1038 1312 1102 Ele·

163 1131 262 1194 menti
269 1131 294 1172 ⁵⁷
308 1132 429 1196 innuit:
452 1133 532 1196 satis
543 1133 677 1214 quidem
687 1133 810 1210 inscite,
824 1153 898 1197 cum
911 1135 963 1200 hic
979 1149 1088 1203 motus
1101 1161 1166 1204 non
1182 1152 1313 1206 tantum

162 1237 205 1300 ad
218 1243 336 1316 ae'rem,
348 1257 479 1320 aquarn,
491 1247 549 1300 aut
561 1235 731 1301 flammam
741 1237 912 1320 pertineat,
924 1242 982 1304 sed
998 1244 1041 1306 ad
1056 1265 1190 1309 omnem
1206 1247 1313 1310 diver-

164 1340 553 1418 sitatemconsistentiae;
576 1349 613 1404 ut
622 1339 711 1424 ligni,
720 1339 804 1418 ferri,
814 1339 951 1423 plumbi,
966 1347 1076 1426 panni,
1093 1350 1314 1430 membranae,

164 1452 237 1521 etc,
251 1443 285 1506 in
299 1444 419 1525 quibus
434 1444 563 1528 singula
577 1465 714 1528 corpora
729 1465 807 1509 suae
823 1444 947 1511 habent
965 1449 1177 1515 dimensionis
1198 1455 1315 1518 modu-

164 1545 242 1620 lum,
259 1555 292 1610 et
307 1547 350 1610 ab
369 1569 409 1612 eo
427 1569 525 1630 aegre
546 1549 589 1613 ad
609 1549 754 1630 spatium
776 1547 911 1631 aliquod
935 1553 1080 1616 notabile
1102 1555 1315 1639 abripiuntur.

163 1650 288 1714 Verum
304 1653 382 1732 quia
398 1664 507 1717 motus
522 1653 585 1718 iste
604 1652 764 1717 libertatis
783 1655 931 1717 omnium
952 1665 1003 1720 est
1023 1658 1169 1723 maxime
1191 1660 1315 1738 obvius,

165 1766 199 1818 et
213 1756 256 1819 ad
273 1755 401 1820 infinita
416 1766 577 1840 spectans,
588 1757 774 1822 consultum
790 1757 886 1822 luerit
902 1780 978 1823 eum
993 1761 1079 1824 bene
1095 1773 1129 1826 et
1144 1766 1316 1848 perspicue

165 1860 376 1942 distinguere.
414 1857 559 1940 Quidam
575 1863 663 1926 enim
677 1861 775 1925 valde
790 1862 995 1945 negligenter
1009 1865 1214 1932 confundunt
1229 1867 1316 1935 hunc

167 1974 296 2029 motum
320 1987 395 2031 curn
421 1967 554 2050 gemino
580 1965 637 2030 illo
664 1975 757 2030 motu
784 1967 960 2050 antitnpiae
989 1977 1023 2032 et
1048 1992 1172 2047 nexns;
1199 1973 1317 2038 libera·

166 2069 291 2134 tionem
313 2071 437 2135 scilicet
458 2092 479 2134 a
501 2091 661 2154 pressura,
683 2091 759 2134 cum
783 2081 876 2135 motu
899 2072 1098 2154 antimpioe;
1128 2097 1149 2138 a
1175 2085 1316 2158 tensura,

168 2193 242 2238 cum
262 2185 353 2241 motu
369 2195 486 2250 nemen·
509 2197 547 2240 ac
563 2177 590 2239 si
602 2176 677 2240 ideo
691 2176 846 2240 cederent
861 2187 919 2240 aut
934 2197 970 2240 se
988 2179 1165 2244 dilatarent
1180 2202 1317 2264 corpora

167 2299 364 2362 compressa,
381 2300 422 2343 ne
438 2289 628 2362 sequeretur
635 2278 816 2360 penetratio
829 2277 1066 2344 dimensionum
1075 2306 1091 2357 ,·
1121 2285 1196 2348 ideo
1218 2287 1318 2350 resili-

168 2394 241 2449 rent
259 2395 294 2449 et
313 2384 544 2449 contraherent
562 2403 597 2447 se
615 2403 754 2465 corpora
776 2392 879 2458 tensa,
895 2403 937 2447 ne
957 2396 1150 2467 sequeretur
1171 2409 1317 2454 vamum.

167 2487 276 2570 Atqui
290 2490 318 2554 si
332 2497 389 2553 aer
399 2509 605 2572 compressus
616 2509 652 2552 se
666 2487 766 2551 vellet
781 2488 924 2569 recipere
939 2489 971 2552 in
987 2490 1186 2554 densitatem
1201 2513 1317 2575 aquae,

168 2603 227 2656 aut
243 2593 369 2675 lignum
381 2594 414 2656 in
430 2594 629 2657 densitatem
646 2591 771 2673 lapidis,
784 2591 829 2654 nil
845 2611 928 2672 opus
941 2590 1025 2656 soret
1033 2596 1253 2674 penetratione
1267 2595 1318 2659 di·

168 2696 368 2760 mensionum
377 2720 392 2771 ,·
416 2707 449 2761 et
461 2697 674 2760 nihilominus
684 2695 781 2776 longe
792 2694 896 2776 major
906 2705 1019 2777 posset
1031 2717 1104 2760 esse
1119 2700 1319 2781 compressio

170 2799 309 2880 illorum,
325 2823 425 2884 quam
442 2801 497 2865 illa
513 2801 580 2865 ullo
597 2800 697 2864 modo
714 2799 890 2881 patiuntur.
928 2799 1059 2863 Eodem
1075 2803 1175 2866 modo
1190 2803 1217 2865 si
1232 2823 1320 2886 aqua

168 2925 205 2968 se
219 2905 359 2970 dilatare
372 2905 472 2969 vellet
487 2906 520 2968 in
536 2905 703 2969 raritatem
719 2903 810 2980 ae'ris,
826 2911 883 2966 aut
898 2901 982 2985 lapis
998 2904 1031 2966 in
1046 2903 1214 2968 raritatem
1231 2905 1319 2990 ligni,

170 3029 237 3074 non
252 3031 337 3094 opus
357 3009 441 3074 soret
460 3029 582 3083 oacno,·
605 3016 640 3071 et
660 3015 772 3071 tamen
793 3005 892 3086 longe
913 3005 1018 3087 major
1037 3019 1151 3090 posset
1169 3009 1238 3073 fieri
1262 3031 1321 3074 ex·

172 3115 280 3179 tensio
307 3135 430 3190 eorum,
455 3133 556 3196 quam
585 3111 642 3176 illa
668 3110 736 3175 ullo
759 3112 859 3174 modo
880 3111 1060 3193 patiuntur.
1105 3112 1225 3195 Itaque
1254 3135 1320 3178 non

171 3217 335 3283 reducitur
350 3238 401 3282 res
417 3219 459 3281 ad
467 3217 719 3298 penetrationem
738 3212 974 3277 dimensionum
993 3224 1026 3280 et
1046 3236 1193 3295 vacnum,
1209 3217 1269 3281 nisi
1289 3219 1321 3282 in

175 3321 408 3387 ultimitatibus
428 3321 693 3386 condensationis
712 3329 746 3384 et
766 3319 1007 3397 rarefactionis3
1037 3341 1112 3384 cum
1135 3330 1249 3385 tamen
1268 3322 1321 3386 isti

173 3436 283 3490 motus
309 3426 408 3510 longe
431 3427 511 3490 citra
534 3447 589 3489 eas
611 3425 728 3489 sistant
750 3432 784 3487 et
805 3431 983 3502 versentur,
1007 3444 1114 3507 neque
1140 3424 1230 3488 aliud
1256 3427 1323 3489 sint

171 3552 273 3613 quam
292 3531 454 3596 desideria
474 3550 647 3613 corporum
669 3529 883 3592 conservandi
906 3549 942 3591 se
963 3529 995 3590 in
1014 3529 1234 3592 consistentiis
1256 3530 1323 3592 suis

171 3633 263 3720 (sive,
280 3637 307 3700 si
324 3634 451 3710 malint,
463 3635 496 3696 in
511 3634 624 3696 formis
640 3628 732 3717 suis),
748 3651 808 3695 nec
823 3631 866 3694 ab
882 3631 921 3694 iis
936 3631 1110 3694 recedendi
1125 3631 1245 3707 subit0,
1262 3633 1323 3695 nisi

170 3760 233 3823 per
260 3741 378 3804 modos
403 3758 520 3802 suaves
545 3756 584 3800 ac
607 3756 667 3818 per
695 3755 890 3799 consensum
917 3733 1104 3797 alterentur.
1150 3733 1201 3799 At
1227 3733 1324 3820 louge

207 3976 231 4010 ⁸⁸
249 3977 321 4032 This
339 3976 464 4046 example
476 3975 533 4029 also
550 3973 697 4027 illustrates
714 3971 762 4026 the
781 3977 894 4025 amount
906 3971 944 4026 of
956 3988 1082 4040 pressure
1099 3972 1189 4027 which
1207 3989 1271 4042 may
1289 3973 1324 4027 be

173 4061 314 4131 produced
339 4062 446 4132 hythe
469 4057 656 4128 compresslon
681 4055 714 4110 of
735 4057 783 4110 air.
821 4057 997 4126 Champagne
1022 4056 1133 4124 bottles‚
1158 4058 1326 4112 suda-water

174 4146 284 4212 bottles‚
294 4146 354 4212 dec,
365 4161 412 4200 are
424 4143 539 4199 familiar
551 4141 728 4195 illustratione
738 4140 771 4194 of
779 4139 827 4194 the
840 4157 914 4194 same
927 4139 992 4195 fact.

208 4229 231 4263 ⁸⁸
250 4231 298 4285 He
310 4230 414 4286 alludes
426 4230 492 4284 here
504 4233 534 4282 to
546 4227 594 4280 the
611 4224 820 4294 unsatisfactory
832 4227 1005 4293 experiment
1022 4225 1103 4278 made
1120 4224 1187 4278 with
1198 4224 1245 4278 the
1257 4226 1326 4293 glass

174 4331 246 4385 egga,
260 4314 420 4370 mentioned
432 4313 461 4366 in
474 4310 544 4380 Aph.
558 4327 602 4376 45.
637 4310 675 4362 As
689 4309 700 4361 l
715 4307 783 4362 bare
795 4308 853 4362 said
864 4308 969 4375 before,
982 4308 1018 4361 he
1030 4325 1085 4362 was
1098 4315 1147 4362 not
1160 4325 1249 4362 auare
1265 4309 1325 4363 that

175 4400 223 4454 the
236 4400 410 4468 phenomena
421 4397 500 4450 there
512 4392 656 4448 described
669 4408 716 4446 are
728 4391 782 4446 due
794 4399 825 4446 to
836 4393 885 4446 the
897 4408 1022 4461 pressure
1034 4391 1068 4447 os
1076 4393 1124 4446 the
1136 4392 1319 4460 atmosphere.

210 4479 232 4514 '⁷
251 4482 292 4552 By
305 4483 360 4536 thia
371 4479 529 4550 expression
547 4479 569 4531 is
585 4481 679 4531 meant
695 4475 743 4530 the
759 4475 896 4545 teudency
908 4475 940 4529 of
954 4476 1021 4530 each
1035 4475 1067 4529 of
1080 4476 1129 4531 the
1143 4476 1284 4530 Elementa
1296 4483 1326 4532 to

175 4581 302 4634 preserve
314 4583 348 4621 or
360 4578 474 4620 recorer
486 4563 534 4617 the
546 4561 718 4631 consistency
731 4559 820 4613 which
832 4561 854 4613 is
866 4575 967 4631 proper
979 4567 1010 4614 to
1022 4561 1053 4616 it.
