3306 5102
333 365 398 442 418
713 375 870 430 NOVUM
890 373 1108 430 ORGANUM.

334 540 426 606 filum
450 563 556 628 aquae
579 551 613 608 et
636 541 749 624 incipit
772 543 949 608 descensus
972 539 1004 602 in
1028 536 1140 621 guttis,
1163 536 1265 602 resilit
1295 535 1371 620 ipsa
1403 554 1484 617 aqua
1576 617 1577 622 ἵ

335 665 462 710 sursum
486 649 528 712 ad
552 648 740 712 evitandam
767 635 1109 710 discontinuationem.
1155 641 1244 724 Quin
1272 641 1305 704 in
1335 638 1483 716 metallis,

335 771 509 832 quaecum
530 752 710 816 funduntur
725 759 803 814 sunt
822 751 948 831 liquida
963 750 1022 813 sed
1042 747 1148 830 magis
1168 745 1307 824 tenacia,
1324 744 1482 825 recipiunt

335 873 370 916 se
385 875 484 937 saepe
499 865 614 938 guttae
630 854 826 936 liquefactae
841 873 977 930 sursum,
993 862 1094 936 atque
1110 851 1155 915 ita
1174 849 1323 914 haerent.
1372 846 1483 912 Simile

334 958 504 1038 quoddam
535 969 584 1022 est
617 958 774 1022 instantia
808 957 1015 1040 speculorum
1049 954 1230 1037 puerilium,
1260 973 1349 1035 quae
1380 949 1484 1014 solent

335 1058 442 1124 facere
460 1063 586 1144 pueruli
603 1063 635 1124 in
654 1061 769 1142 scirpis
785 1082 828 1124 ex
848 1060 958 1136 saliva,
975 1060 1031 1123 ubi
1050 1058 1191 1122 cernitur
1209 1058 1311 1120 etiam
1332 1053 1483 1138 pellicula

335 1164 517 1228 consistens
543 1186 656 1247 aquae.
701 1163 751 1227 At
777 1164 882 1227 multo
908 1163 1025 1226 melius
1049 1183 1084 1226 se
1110 1162 1256 1225 ostendit
1282 1159 1348 1224 hoc
1381 1159 1483 1239 ipsum

336 1267 368 1328 in
398 1267 503 1330 altero
533 1267 590 1331 illo
620 1267 745 1330 ludicro
776 1266 902 1349 puerili,
932 1268 1066 1348 quando
1100 1265 1233 1347 capiunt
1266 1281 1401 1345 aquam,
1430 1279 1482 1342 per

335 1390 494 1451 saponem
525 1369 647 1436 iactam
678 1369 778 1452 paulo
808 1370 1018 1447 tenaciorem,
1044 1378 1146 1450 atque
1176 1366 1292 1430 inflant
1324 1385 1401 1430 eam
1430 1381 1483 1444 per

334 1472 498 1536 calamum
533 1493 659 1551 cavum,
689 1483 789 1555 atque
822 1473 899 1536 inde
928 1472 1070 1536 formant
1104 1491 1225 1552 aquam
1257 1479 1422 1550 tanquam
1453 1465 1481 1527 in

335 1576 507 1640 castellum
530 1576 713 1654 bullarum3
745 1597 830 1659 quae
853 1596 912 1658 per
939 1575 1222 1656 interpositionem
1249 1572 1336 1636 ae'ris
1363 1569 1484 1633 inducit

335 1681 583 1743 consistentiam
599 1701 638 1743 eo
655 1700 758 1762 usque
776 1689 812 1744 ut
830 1699 865 1742 se
888 1679 1002 1761 projici
1026 1677 1172 1740 nonnihil
1196 1676 1344 1759 patiatur
1364 1673 1484 1754 absque

335 1782 642 1847 discontinuatione.
688 1782 825 1863 Optime
848 1793 960 1845 autem
985 1783 1128 1846 cernitur
1154 1781 1216 1844 hoc
1243 1780 1276 1842 in
1304 1797 1426 1861 spuma
1454 1783 1483 1837 et

336 1886 418 1962 nive,
436 1905 521 1966 quae
537 1886 638 1950 talem
654 1885 794 1950 induunt
810 1886 1056 1949 consistentiam
1073 1893 1109 1947 ut
1131 1883 1198 1948 iere
1216 1882 1318 1946 secari
1341 1879 1483 1964 possint3

336 2009 409 2052 cum
423 1998 535 2054 tamen
551 1991 616 2052 sint
632 2009 769 2071 corpora
785 1989 926 2054 formata
941 2011 985 2052 ex
1000 1997 1075 2052 aere
1090 1998 1124 2052 et
1139 2008 1235 2070 aqua,
1247 2008 1334 2069 quae
1350 1996 1484 2064 utraque

337 2102 413 2156 sunt
433 2092 558 2175 liquida
567 2093 600 2158 ⁶².
647 2094 742 2176 Quae
765 2093 877 2155 omnia
900 2114 966 2156 non
987 2095 1124 2158 obscure
1144 2093 1282 2155 innuunt
1306 2087 1483 2172 Liquidum

337 2205 371 2260 et
395 2193 587 2264 Consistens
609 2217 680 2260 esse
704 2197 854 2262 notiones
877 2205 1008 2260 tantum
1031 2197 1187 2280 plebeias,
1210 2203 1244 2260 et
1267 2196 1309 2259 ad
1334 2210 1482 2266 sensum3

338 2301 444 2364 inesse
459 2312 571 2365 autem
588 2321 698 2366 revera
714 2301 866 2366 omnibus
882 2303 1071 2383 corporibus
1090 2300 1202 2384 fugam
1221 2309 1254 2363 et
1273 2299 1483 2362 evitationem

337 2425 372 2467 se
402 2406 687 2483 discontinuandi3
725 2425 798 2468 eam
833 2427 912 2468 vero
945 2405 977 2468 in
1012 2406 1201 2487 corporibus
1238 2393 1483 2485 homogcneisl²

337 2503 461 2592 (qualia
480 2519 557 2572 sunt
575 2506 716 2592 liquida)
737 2529 808 2572 esse
827 2508 971 2572 debilem
993 2518 1026 2573 et
1048 2509 1223 2586 infirmam,
1240 2508 1273 2570 in
1296 2503 1488 2588 corporibus

336 2629 422 2689 vero,
435 2633 520 2695 quae
535 2623 612 2675 sunt
628 2613 811 2694 composita
827 2632 870 2674 ex
886 2612 1121 2696 heterogeneis,
1135 2611 1240 2694 magis
1256 2631 1328 2674 esse
1343 2608 1482 2674 vividam

338 2723 372 2778 et
399 2714 537 2793 fortem3
571 2725 744 2798 propterca
769 2717 858 2797 quod
885 2717 1034 2779 admotio
1057 2713 1267 2796 heterogenei
1294 2707 1484 2790 constringit

338 2838 483 2900 corpora,
499 2829 533 2884 at
549 2819 746 2883 subintratio
761 2819 957 2903 homogenei
974 2820 1071 2884 solvit
1087 2830 1121 2883 et
1136 2819 1274 2882 relaxat.

382 2921 549 3002 Similiter,
562 2923 707 3006 exempli
723 2923 844 3006 gratia3
865 2925 908 2986 sit
925 2933 1041 2987 natura
1056 2923 1211 3004 inquisita
1226 2919 1405 2996 Attracti0,
1421 2915 1484 2979 sive

340 3023 448 3088 Coitio
483 3027 674 3108 Corporum.
733 3026 901 3090 Instantia
934 3029 1020 3092 circa
1053 3026 1192 3090 sormam
1228 3025 1299 3107 ejus
1328 3019 1483 3088 ostensiva

340 3130 487 3192 maxime
506 3131 640 3211 insignis
659 3141 708 3195 est
727 3152 873 3214 magnes.
920 3131 1092 3195 Contraria
1110 3142 1223 3195 autem
1248 3139 1365 3194 natura
1388 3135 1484 3190 attra-

337 3228 429 3306 henti
460 3242 510 3295 est
541 3253 606 3295 non
636 3235 812 3316 attrahens,
840 3235 917 3300 licet
947 3237 981 3299 in
1008 3236 1193 3301 substantia
1223 3233 1330 3299 simili.
1375 3223 1484 3295 Veluti

336 3470 402 3526 with
415 3477 509 3538 water,
522 3472 560 3540 by
572 3472 722 3542 sprinkling
734 3491 806 3542 upon
820 3476 869 3528 the
881 3473 988 3528 suriace
1001 3474 1033 3528 oi
1046 3475 1094 3528 the
1106 3474 1187 3528 wood
1199 3491 1277 3528 some
1289 3473 1357 3542 light
1369 3469 1484 3542 powder,

335 3555 403 3609 such
422 3572 450 3610 as
468 3555 643 3624 lycopodium
662 3573 696 3609 or
713 3557 874 3626 lampblack,
888 3559 941 3610 and
961 3558 1027 3611 then
1046 3558 1181 3626 dropping
1199 3573 1275 3616 some
1290 3564 1377 3611 water
1395 3571 1431 3612 on
1448 3550 1483 3606 it.'

336 3640 452 3694 Ganot's
465 3640 586 3710 Physics,
601 3639 649 3693 oth
664 3641 715 3695 Ed.
727 3641 759 3694 of
770 3641 956 3707 Translation,
971 3643 984 3707 §
1000 3656 1042 3706 79.

372 3721 393 3754 ⁶¹
413 3724 440 3775 lt
457 3729 531 3777 must
548 3723 583 3777 be
602 3723 795 3778 remembered
814 3724 874 3778 that
896 3724 987 3777 Bacon
1006 3740 1061 3776 was
1082 3730 1132 3777 not
1152 3739 1241 3778 aware
1261 3723 1323 3778 that
1345 3740 1398 3792 any
1415 3717 1484 3784 body

315 3831 316 3836 κ
337 3823 408 3875 may,
421 3806 458 3874 by
471 3823 487 3859 a
499 3807 663 3861 diminution
677 3825 711 3861 or
727 3807 848 3861 increase
861 3806 894 3860 oi
908 3813 1103 3874 temperature,
1116 3807 1151 3860 be
1166 3808 1247 3861 made
1260 3807 1338 3875 solid,
1351 3803 1442 3876 liquid,
1454 3813 1484 3853 or

337 3907 460 3959 gaseous.
1151 3927 1152 3932 κ

373 3971 394 4004 ⁶²
413 3974 507 4026 Bacon
520 3989 584 4039 was,
597 3973 629 4026 of
645 3989 749 4040 course,
763 3973 790 4026 in
810 3989 888 4028 error
906 3973 933 4026 in
952 3975 1101 4042 supposing.
1115 3973 1176 4027 that
1194 3973 1300 4043 liquids,
1313 3989 1343 4028 as
1355 3971 1429 4036 such,
1441 3978 1483 4019 art

338 4073 414 4112 more
428 4058 633 4124 homogeneous
645 4056 711 4110 than
723 4058 814 4110 solids.
844 4056 906 4110 The
920 4073 1016 4110 reason
1030 4058 1089 4111 that
1101 4058 1231 4118 cohesion
1244 4060 1265 4111 is
1278 4073 1356 4112 more
1368 4049 1483 4117 strongly

338 4142 451 4197 exerted
464 4143 492 4194 in
505 4143 587 4196 solids
600 4142 667 4194 than
681 4143 708 4194 in
721 4142 820 4211 liquids
835 4141 857 4194 is
875 4141 935 4194 that
953 4143 987 4194 its
1004 4142 1136 4211 intensity
1149 4143 1292 4196 decreases
1309 4157 1339 4196 as
1354 4140 1402 4194 the
1417 4143 1482 4189 tem·

339 4231 466 4295 perature
481 4225 625 4291 increases,
638 4225 720 4292 being
732 4226 931 4278 counteracted
943 4226 979 4294 by
992 4227 1040 4280 the
1053 4227 1187 4295 repulsive
1204 4226 1283 4280 force
1300 4228 1354 4280 due
1369 4231 1399 4277 to
1417 4221 1482 4274 heat.

340 4311 376 4362 So
388 4307 430 4361 lar
442 4308 513 4362 from
527 4310 657 4362 cohesion
670 4309 752 4374 being
763 4313 873 4374 greater
885 4308 911 4360 in
929 4309 1148 4375 heterogeneous
1164 4310 1230 4363 than
1250 4310 1276 4362 in
1289 4308 1484 4374 homogeneous

339 4390 443 4456 bodies,
457 4393 478 4444 it
491 4393 513 4445 is
524 4392 657 4462 precisely
670 4391 797 4445 between
816 4391 964 4445 molecules
980 4391 1013 4445 oi
1026 4393 1073 4446 the
1090 4409 1165 4447 same
1184 4399 1283 4446 nature
1295 4391 1355 4446 that
1367 4392 1389 4444 it
1401 4387 1484 4444 exeris

340 4474 374 4526 its
387 4473 472 4528 force.
