3220 5102
625 455 706 513 ΜΒ.
729 456 771 514 II.
793 466 847 526 40.
1248 464 1311 529 491

161 639 284 698 verum,
298 638 339 682 en
353 625 473 701 quanto
491 617 548 682 illo
568 622 724 685 materias
745 620 803 684 snb
826 618 942 685 iisdem
964 619 1080 702 spatiis
1099 618 1168 684 sine
1187 619 1311 683 dinnn·

161 726 314 802 sionibus,
332 735 397 807 pro
418 724 609 788 diversitate
625 737 802 807 corporum,
820 726 899 808 plns
919 735 952 788 et
972 728 1082 789 minus
1098 726 1255 789 contineri
1263 725 1310 786 ⁵³:

162 838 198 892 ut
215 830 247 892 in
264 849 350 911 aqua
365 827 449 911 plus,
467 828 499 890 in
515 834 590 891 aere
607 829 729 907 minus3
753 830 838 893 adeo
854 838 890 892 ut
906 830 932 893 si
947 829 1021 911 quis
1036 838 1160 892 asserat
1175 828 1308 912 aliquod

161 941 353 996 contentum
369 952 476 1014 aquae
492 933 524 994 in
539 953 599 1014 par
615 942 809 996 contentum
827 935 910 996 aeris
931 934 1013 997 verti
1031 954 1141 1016 posse,
1157 933 1246 996 idem
1267 932 1309 995 sit

160 1147 284 1201 asserat
299 1137 433 1220 aliquod
450 1148 640 1203 contentum
655 1141 739 1203 aeris
758 1140 791 1202 in
809 1161 869 1222 par
887 1150 1079 1204 contentum
1100 1161 1208 1222 aquae
1225 1139 1308 1203 verti

161 1261 268 1322 posse,
285 1242 374 1304 idem
390 1243 431 1304 sit
448 1263 486 1306 ac
502 1243 528 1305 si
549 1244 636 1306 dicat
659 1243 782 1326 aliquid
806 1265 903 1326 posse
925 1244 994 1307 fieri
1018 1265 1061 1308 ex
1085 1243 1197 1306 nihilo.
1242 1243 1308 1307 At-

161 1363 225 1424 que
240 1365 284 1408 ex
301 1345 394 1428 copia
411 1346 474 1410 ista
492 1355 525 1410 et
541 1348 707 1430 paucitate
723 1348 879 1411 materiae
901 1349 1050 1412 notiones
1066 1347 1143 1412 illae
1160 1347 1255 1411 densi
1274 1354 1307 1410 et

160 1447 242 1527 rari,
269 1470 354 1531 quae
382 1450 471 1514 varie
501 1461 535 1514 et
565 1452 751 1534 promiscue
780 1452 992 1534 accipiuntur,
1019 1453 1151 1534 proprie
1180 1451 1307 1514 abstra-

158 1550 288 1617 huntur.
332 1551 547 1618 Assumenda
577 1565 627 1620 est
657 1565 690 1618 et
716 1557 854 1620 assertio
884 1555 940 1618 illa
965 1557 1072 1634 tertia,
1100 1555 1201 1619 etiam
1227 1555 1306 1618 satis

159 1771 298 1838 Plutarch,
323 1773 460 1827 Adversus
485 1775 622 1841 Colotem,
649 1775 700 1829 Ed.
724 1775 834 1842 Reislre,
856 1775 908 1829 vol.
929 1793 955 1828 x.
976 1791 1003 1844 p.
1026 1774 1100 1844 569).
1147 1775 1210 1828 The
1231 1791 1306 1828 same

159 1856 265 1908 dictum
295 1857 318 1909 is
347 1857 471 1911 ascribed
501 1865 532 1912 to
557 1858 698 1925 Diogenes
722 1858 754 1912 of
780 1859 923 1926 Apollonia
949 1859 1044 1928 (Diog.
1069 1859 1162 1912 Laert.
1187 1858 1223 1912 ix.
1249 1857 1305 1928 57).

158 1940 289 1992 Aristotle
301 1941 356 1994 and
368 1941 462 1994 others
475 1949 569 2009 repeat
582 1943 612 1996 it.
645 1942 668 1996 εἶ
679 1943 730 2014 γὰρ
742 1944 792 1996 πᾶν
804 1943 851 2012 μὲν
863 1944 893 1996 τὸ
904 1944 1037 2014 γινόμενον
1049 1941 1145 2013 ἀνάγκη
1158 1941 1276 2010 γίνεσθαι
1289 1941 1304 2010 ἢ

156 2022 185 2090 ἐξ
197 2021 277 2077 ὄντων
288 2021 303 2090 ἢ
316 2023 344 2076 ἐκ
361 2024 396 2092 μὴ
415 2023 502 2093 ὄντων,
514 2024 610 2079 τούτων
628 2025 656 2079 δὲ
675 2028 704 2080 τὸ
722 2026 769 2094 μὲν
781 2026 809 2078 ἐκ
825 2026 859 2095 μὴ
876 2024 956 2081 ὄντων
967 2025 1085 2096 γίνεσθαι
1097 2023 1221 2079 ἀδύνατον
1236 2023 1305 2094 (περὶ

155 2106 206 2176 γὰρ
218 2104 310 2173 ταύτης
319 2109 553 2178 ὀμογνωμοῦσιτῆς
562 2109 640 2177 δόξης
652 2110 759 2165 ἅπαντας
772 2112 797 2162 οἱ
807 2107 1002 2180 περὶφύσεως),
1012 2112 1042 2164 τὸ
1054 2111 1147 2163 λοιπὸν
1159 2109 1215 2177 ἤδη,
1229 2110 1304 2163 καλ.

156 2188 240 2244 Arist.
254 2189 333 2260 Phys.
348 2191 365 2244 i.
379 2211 394 2256 4
409 2191 450 2262 (p.
468 2198 515 2256 187
530 2210 554 2246 a.
569 2193 679 2264 32-35).

227 2285 412 2355 ‘Principium
431 2287 525 2356 cujus’
545 2289 595 2354 (.sc
614 2287 739 2358 naturae)
758 2288 838 2342 ‘hirc
853 2288 936 2342 nohis
948 2288 1065 2343 mdia
1081 2293 1182 2354 sumet,

243 2369 353 2424 Nullam
371 2373 632 2490 menilogigpi
649 2373 927 2441 divinitmnnquam.

240 2451 526 2488 *0*ss
686 2452 1144 2489 ******

244 2524 319 2593 Qus
337 2525 373 2578 oh
393 2542 436 2578 res
454 2526 500 2579 ubi
519 2527 666 2581 viderimus
684 2527 721 2580 nil
739 2542 818 2595 posse
837 2527 923 2580 creari

243 2607 288 2660 De
307 2607 371 2674 nilo,
390 2614 450 2662 tum
469 2611 544 2678 quod
562 2611 703 2679 sequimur
717 2610 775 2679 jam
795 2609 897 2663 rectius
915 2609 980 2662 inde

242 2690 450 2760 Perspiciemus‚
469 2701 498 2746 et
517 2695 589 2748 unde
607 2701 691 2763 queat
708 2709 752 2746 res
770 2709 895 2762 quaeque
913 2692 1000 2745 creari

243 2774 281 2826 Et
299 2790 354 2844 quo
372 2793 499 2845 quaeque
518 2778 603 2832 modo
622 2777 687 2832 fiant
706 2793 791 2846 opera
807 2778 866 2831 sine
884 2776 993 2830 divom.¹

893 2860 1048 2927 Lueretius,
1062 2859 1079 2912 i.
1096 2864 1226 2926 149-158.

843 2957 943 3025 ‘Gigni

242 3038 287 3092 De
306 3039 390 3094 nihilo
409 3041 530 3110 nihilum,
548 3042 576 3096 in
595 3042 710 3096 nihilum
728 3042 765 3095 nil
783 3058 863 3111 posse
882 3041 999 3094 reverti!

895 3123 1012 3190 Persius,
1027 3123 1082 3176 Sat.
1096 3123 1131 3176 iii.
1145 3128 1159 3175 8
1164 3141 1223 3189 3-4.

189 3215 264 3270 οὐδὲν
280 3217 332 3289 ydp
350 3218 378 3270 in
395 3223 442 3273 τοῦ
459 3219 566 3289 μηδενὸς
583 3222 696 3292 ἔρχεται,
712 3221 801 3291 ὥσπερ
819 3217 877 3290 μηδ’
896 3220 932 3275 ele
949 3222 979 3273 rh
998 3220 1042 3272 οὐκ
1061 3218 1090 3272 ὃν
1108 3217 1254 3288 ἀπέρχεται.

893 3303 1004 3358 Marcus
1017 3304 1179 3371 Antoninus,
1194 3303 1227 3358 iv.
1242 3325 1267 3369 4.

187 3395 321 3464 Telesino,
342 3397 385 3450 De
400 3397 504 3452 Rerum
523 3397 636 3467 Natura,
652 3400 670 3452 i.
685 3417 698 3465 5
715 3397 849 3468 (referred
862 3405 893 3453 to
905 3400 942 3468 by
956 3399 1011 3452 Mr.
1025 3399 1100 3468 Ellis)
1115 3415 1190 3468 says:
1209 3399 1300 3452 ‘Nihil

150 3484 242 3532 tamen
261 3479 337 3547 ejus'
352 3481 400 3549 (sc.
414 3483 555 3551 materiae)
573 3484 682 3550 ‘moles‚
701 3485 794 3554 itaque
813 3499 864 3538 nec
883 3484 977 3538 mnndi
998 3483 1156 3550 magnitudo
1174 3483 1299 3536 imminui

150 3563 276 3628 augerive
288 3570 402 3632 apparet
414 3565 552 3633 unquam!

184 3642 206 3674 ω
225 3645 298 3700 Both
319 3663 355 3700 on
377 3647 431 3700 this
449 3649 504 3702 and
525 3649 572 3702 the
592 3650 645 3702 last
664 3649 842 3719 proposition,
862 3665 905 3718 cp.
924 3648 1050 3702 Historia
1070 3647 1155 3700 Densi
1174 3654 1202 3700 et
1224 3647 1299 3714 Rari,

149 3729 247 3784 Aditus
265 3731 309 3801 (E.
326 3731 379 3786 and
398 3734 433 3800 S,
449 3733 502 3787 vol.
516 3733 543 3787 ii.
556 3749 601 3803 pp.
616 3733 725 3802 243-4).
763 3733 826 3786 The
845 3733 947 3786 maxim
966 3733 1026 3784 ‘Ex
1045 3731 1129 3783 nihilo
1148 3730 1212 3783 nihil
1231 3731 1298 3798 lieri,

149 3829 239 3882 neque
252 3815 398 3883 quicquam
416 3817 444 3869 in
464 3816 577 3869 nihilum
596 3816 700 3883 redigi'
720 3817 742 3868 is
757 3816 836 3868 there
853 3815 943 3868 stated
961 3813 1113 3866 somewhat
1126 3813 1297 3883 differently:

147 3896 228 3950 ‘Non
241 3898 346 3952 scilicet
359 3899 417 3952 fieri
437 3900 464 3952 in
481 3899 571 3968 aliqua
587 3901 819 3953 transmutatione
835 3913 983 3965 corporum
995 3897 1209 3950 transactionem
1222 3903 1269 3950 aut
1281 3914 1298 3951 a

147 3980 240 4048 nihilo,
252 3988 300 4034 aut
316 3982 350 4036 ad
368 3983 498 4050 nihilum;
517 3985 566 4036 sed
583 3999 669 4051 opera
686 3997 744 4036 esse
762 3982 885 4050 ejusdem
904 3981 1130 4050 omnipotentiae,
1149 3996 1244 4034 creare
1261 3998 1295 4035 ex

146 4063 238 4131 nihilo,
252 4071 281 4119 et
298 4066 423 4134 redigere
442 4067 469 4120 in
489 4066 619 4132 nihilum;
638 4082 769 4120 excursu
788 4071 902 4118 naturae
918 4081 984 4117 vero
1001 4065 1212 4133 hocnunquam
1229 4065 1297 4118 fieri.

148 4147 247 4217 ltaque
264 4165 371 4203 summa
389 4151 520 4204 materiae
537 4151 629 4204 totalis
645 4165 754 4218 semper
770 4155 894 4215 constat;
914 4148 952 4200 nil
965 4148 1083 4214 additur,
1097 4148 1133 4201 nil
1146 4148 1295 4203 minuitur!

148 4231 174 4283 lt
186 4232 239 4284 will
252 4231 287 4285 be
300 4233 411 4288 noticed
422 4233 484 4288 that
496 4234 550 4288 this
562 4239 713 4288 statement
724 4249 800 4288 saves
812 4232 859 4287 the
872 4231 974 4286 maxim
983 4233 1055 4286 from
1068 4247 1120 4300 any
1133 4232 1296 4300 theological

144 4314 296 4384 objection.

182 4399 226 4452 On
248 4399 296 4452 the
316 4399 432 4453 relation
453 4399 486 4453 of
504 4400 620 4455 Bacon’s
639 4402 767 4455 doctrine
785 4398 817 4454 ol
835 4400 942 4470 density
959 4400 1015 4454 and
1035 4400 1118 4469 rarity
1137 4405 1168 4452 to
1186 4400 1247 4453 that
1265 4399 1298 4453 of

145 4481 277 4534 Aristotle
290 4481 344 4534 and
356 4483 403 4536 the
417 4483 604 4554 Peripatetioe,
616 4501 662 4539 see
677 4485 733 4541 ΜΓ.
747 4485 821 4538 Ellis’
833 4483 948 4539 Preiace
961 4490 991 4539 to
1008 4483 1056 4538 the
1070 4483 1194 4536 Historia
1207 4483 1294 4538 Densi

145 4569 173 4614 et
189 4562 263 4633 Rari,
275 4581 320 4635 pp.
334 4581 430 4632 234—7.
