3338 5100
323 413 388 474 440
702 402 859 457 NOVUM
879 400 1096 458 ORGANUM.

325 580 450 668 opera),
473 591 574 666 atque
600 575 677 645 inde
699 579 850 644 facienda
876 588 927 645 est
954 573 1122 662 congeries
1148 578 1217 642 sive
1237 574 1377 642 historia
1398 592 1474 658 par·

325 686 481 766 ticularis,
509 696 669 768 tanquam
700 684 902 766 magnalium
937 694 971 747 et
1000 703 1137 768 operum
1169 681 1408 765 magistralium
1440 688 1474 742 et

326 790 474 854 maxime
494 789 713 872 perlectorum
734 789 768 850 in
789 808 987 871 unaquaque
1007 788 1162 870 ipsarum,
1184 806 1345 850 unacum
1366 783 1473 846 modis

325 893 507 957 effectionis
529 893 598 955 sive
619 891 827 973 operationis.

368 997 488 1079 Neque
508 1005 620 1060 tamen
643 995 852 1077 astringimus
873 992 1087 1078 diligentiam,
1107 1014 1193 1077 quae
1212 990 1402 1056 adhibenda
1423 997 1475 1051 est

258 1155 262 1162 .
324 1099 357 1162 in
379 1099 568 1181 hujusmodi
592 1098 739 1177 collecta,
762 1100 805 1162 ad
828 1119 867 1161 ea
890 1118 975 1181 quae
997 1106 1173 1162 censentur
1194 1117 1254 1180 pro
1278 1090 1475 1176 magisteriis

323 1212 357 1265 et
372 1206 499 1268 arcanis
518 1203 656 1284 alicujus
677 1204 755 1266 artis
776 1212 916 1281 tantum,
931 1213 1032 1285 atque
1053 1211 1187 1266 movent
1205 1199 1471 1265 admirationem.

321 1305 511 1372 Admiratio
535 1308 623 1370 enim
650 1306 757 1388 proles
779 1316 828 1370 est
853 1307 1014 1385 raritatis;
1044 1306 1207 1388 siquidem
1233 1323 1312 1380 rara,
1337 1301 1413 1364 licet
1437 1299 1472 1362 in

320 1430 441 1492 genere
456 1413 522 1476 sint
537 1433 582 1475 ex
596 1411 739 1494 vulgatis
755 1410 887 1484 naturis,
904 1419 1018 1474 tamen-
1033 1411 1287 1474 admirationem
1304 1405 1445 1488 pariunt.

363 1514 414 1580 At
442 1524 564 1595 contra,
592 1536 676 1597 quae
705 1534 817 1577 revera
843 1514 1053 1578 admirationi
1084 1534 1155 1578 esse
1185 1512 1308 1577 debent
1335 1517 1471 1591 propter

318 1618 573 1702 discrepantiam
597 1639 682 1701 quae
702 1618 786 1682 inest
809 1618 875 1682 illis
895 1620 928 1681 in
951 1619 1060 1701 specie
1080 1618 1208 1682 collatis
1228 1616 1272 1679 ad
1292 1613 1374 1704 alias
1394 1632 1470 1693 spe·

318 1723 393 1798 cies,
417 1732 530 1787 tamen
553 1723 580 1785 si
603 1723 636 1784 in
662 1743 723 1785 usu
747 1721 900 1786 familiari
924 1732 1056 1807 praesto
1079 1723 1145 1785 sint
1167 1721 1282 1784 leviter
1303 1724 1469 1780 notantur.

318 1824 453 1890 Debent
473 1835 585 1891 autem
606 1826 712 1888 notari
733 1825 899 1889 monadica
918 1828 1007 1900 artis,
1025 1847 1091 1890 non
1113 1827 1221 1889 minus
1243 1841 1344 1906 quam
1360 1839 1468 1884 mono-

316 1928 391 1992 dica
415 1939 572 2007 naturae3
598 1930 642 1992 de
665 1930 784 2011 quibus
808 1941 907 1994 antea
930 1932 1077 1994 diximus
1086 1929 1122 1994 ²⁰.
1165 1930 1282 2012 Atque
1306 1923 1468 2009 quemad·

316 2035 453 2097 modum
480 2033 513 2095 in
538 2031 714 2096 monodicz's
739 2043 877 2099 naturae
899 2035 1070 2117 posuimus
1092 2034 1206 2112 solem,
1228 2034 1349 2108 lunam,
1373 2047 1467 2109 mag·

316 2144 436 2214 netem,
454 2145 487 2199 et
502 2136 630 2212 similia,
647 2157 732 2219 quae
751 2158 787 2201 re
801 2138 1030 2222 vulgatissima
1049 2147 1125 2202 sunt
1145 2139 1204 2202 sed
1221 2145 1338 2200 natura
1353 2143 1467 2197 tamen

315 2239 382 2302 lere
397 2240 573 2322 singulari:
596 2241 686 2305 idem
701 2251 734 2307 et
749 2243 791 2306 de
808 2243 982 2308 monodicis
996 2246 1075 2307 artis
1090 2242 1278 2308 faciendum
1295 2247 1355 2303 est.

358 2344 516 2427 Exempli
539 2347 664 2428 gratia;
688 2347 845 2411 instantia
868 2347 1034 2412 monadica
1054 2349 1134 2412 artis
1154 2355 1205 2410 est
1225 2363 1390 2429 papyrus3
1414 2359 1466 2402 res

313 2447 496 2511 admodum
518 2449 664 2530 vulgata.
709 2448 759 2514 At
781 2451 808 2514 si
832 2451 1007 2534 diligenter
1029 2451 1178 2515 animum
1205 2451 1367 2522 advertas,
1395 2464 1465 2507 ma·

313 2552 415 2614 teriae
438 2553 625 2616 artificiales
648 2563 705 2616 aut
727 2553 827 2634 plane
852 2555 987 2618 textiles
1013 2564 1091 2619 sunt
1113 2574 1172 2637 per
1196 2552 1253 2616 fila
1280 2551 1405 2615 directa
1430 2557 1465 2611 et

311 2662 517 2734 transversa3
540 2655 650 2740 qualia
670 2666 748 2720 sunt
767 2678 898 2740 pannus
918 2659 1047 2736 sericus,
1064 2669 1122 2722 aut
1141 2657 1266 2735 laneus,
1281 2664 1316 2718 et
1335 2653 1464 2730 linteus,

311 2768 345 2821 et
363 2758 572 2841 hujusmodi:
595 2769 653 2824 aut
669 2771 944 2843 coagmentantur
963 2783 1007 2826 ex
1023 2762 1128 2827 succis
1148 2760 1328 2836 concretis3
1352 2757 1463 2841 qualia

310 2871 387 2927 sunt
407 2864 498 2943 later,
515 2873 573 2928 aut
590 2865 706 2947 argilla
729 2865 882 2950 figularis,
897 2876 955 2931 aut
975 2867 1106 2943 vitrum,
1123 2876 1181 2930 aut
1202 2861 1386 2941 esmalta²¹,
1404 2869 1462 2924 aut

310 2967 507 3048 porcellana,
535 2978 569 3032 et
591 2968 728 3049 similia3
759 2991 844 3053 quae
865 2971 893 3034 si
919 2971 1004 3034 bene
1026 2971 1180 3034 uniantur
1202 2968 1387 3050 splendent,
1410 2964 1461 3027 sin

309 3069 426 3148 minus,
443 3069 636 3134 indurantur
655 3081 752 3152 certe,
767 3074 826 3137 sed
848 3094 914 3137 non
934 3073 1121 3158 splendent.
1164 3071 1329 3136 Attamen
1348 3067 1461 3132 omnia

308 3171 395 3248 talia,
422 3191 508 3255 quae
534 3172 617 3237 fiunt
644 3195 688 3238 ex
714 3177 819 3240 succis
846 3178 1017 3253 concretis,
1042 3187 1119 3243 sunt
1144 3175 1281 3257 fragilia,
1307 3192 1368 3236 nec
1390 3171 1460 3234 ullo

308 3275 410 3337 modo
433 3274 604 3339 haerentia
628 3286 662 3341 et
684 3280 823 3343 tenacia.
868 3280 919 3345 At
944 3290 1067 3355 contra,
1091 3299 1237 3364 papyrus
1264 3287 1314 3341 est
1341 3295 1460 3357 corpus

307 3384 421 3452 tenax,
437 3377 526 3460 quod
549 3379 653 3443 scindi
677 3390 710 3445 et
734 3382 869 3446 lacerari
891 3385 1015 3465 possit;
1039 3385 1086 3448 ita
1108 3391 1145 3446 ut
1168 3382 1316 3445 imitetur
1338 3388 1371 3444 et
1392 3378 1460 3443 lere

306 3479 492 3545 aemuletur
519 3481 642 3564 pellem
674 3484 743 3548 sive
778 3487 1008 3550 membranam
1037 3485 1175 3567 alicujus
1208 3483 1369 3561 animalis,
1401 3489 1459 3546 aut

306 3584 422 3648 lolium
455 3584 592 3667 alicujus
626 3589 829 3670 vegetabilis,
863 3600 896 3654 et
931 3589 1120 3673 hujusmodi
1150 3588 1283 3670 opificia
1313 3597 1458 3652 naturae

306 3689 396 3752 Nam
415 3709 523 3771 neque
538 3688 661 3772 fragilis
682 3702 740 3771 est,
756 3703 792 3757 ut
810 3694 951 3772 vitrum;
975 3713 1083 3776 neque
1101 3691 1237 3769 textilis,
1256 3700 1295 3755 ut
1309 3711 1459 3774 pannus;

305 3792 363 3856 sed
384 3790 487 3856 habet
508 3791 609 3855 fibras
629 3803 725 3872 certe,
747 3815 813 3858 non
837 3795 894 3859 fila
916 3796 1080 3872 distincta,
1099 3794 1235 3858 omnino
1255 3795 1299 3858 ad
1321 3795 1459 3858 modum

305 3895 515 3959 materiarum
538 3896 757 3963 naturalium:
782 3908 818 3964 ut
840 3901 927 3963 inter
948 3898 1133 3963 artificiales
1157 3900 1311 3962 materias
1328 3898 1387 3962 vix
1410 3898 1460 3962 in·

302 3999 454 4063 veniatur
479 3998 586 4062 simile
610 4000 755 4082 aliquod,
778 4002 837 4066 sed
864 4003 907 4068 sit
930 4002 1029 4086 plane
1050 4001 1251 4067 monadicum
1260 4000 1295 4066 ²².
1341 4001 1460 4086 Atque

338 4161 361 4194 '⁰
379 4162 450 4230 Aph.
465 4167 509 4216 28.

337 4243 358 4277 ²¹
377 4245 490 4298 ‘Italian
509 4245 658 4312 “smalto,”
678 4247 841 4316 “ismalto,”
860 4250 975 4304 enamel.
1011 4250 1075 4304 The
1088 4250 1165 4304 word
1182 4251 1205 4303 is
1222 4253 1378 4307 connected
1389 4253 1458 4308 with

300 4328 349 4383 the
364 4329 555 4396 AngloSaxon
575 4329 592 4359 “
602 4329 738 4399 Myltan,”
757 4337 788 4384 to
800 4333 867 4385 melt
879 4349 913 4386 or
924 4333 1023 4388 smelt.'
1049 4334 1104 4388 Mr.
1119 4333 1254 4388 Kitchin’s
1267 4342 1343 4392 note.

335 4411 358 4446 ²²
376 4414 433 4467 Mr.
446 4413 511 4466 Ellis
529 4430 604 4483 says:
623 4416 632 4445 ‘
642 4415 668 4468 lt
687 4415 709 4470 is
727 4417 836 4470 curious
853 4417 915 4470 that
927 4418 1021 4472 Bacon
1039 4418 1137 4472 should
1155 4425 1205 4472 not
1224 4419 1292 4474 have
1310 4421 1457 4476 mmarked

300 4497 359 4550 that
372 4496 406 4550 all
418 4497 466 4550 the
479 4497 603 4568 qualities
615 4497 682 4554 here
695 4501 856 4555 mentioned
869 4500 968 4570 belong
980 4508 1011 4556 to
1024 4501 1075 4557 felt
1086 4518 1116 4557 as
1128 4502 1188 4557 well
1200 4518 1229 4557 as
1241 4509 1272 4557 to
1283 4505 1386 4573 papen’
