3324 5110
296 405 362 494 34⁶
673 413 829 470 norun
850 413 1069 470 urrunnun.

341 581 519 645 Enimvero
540 601 646 664 neque
667 581 710 644 ad
730 579 960 662 generationes
981 599 1156 662 corporum
1171 587 1302 643 tantum
1321 589 1450 664 spectat

296 687 378 751 haec
399 689 575 770 inquisitio,
592 687 651 750 sed
672 687 772 750 etiam
793 686 837 749 ad
858 684 939 748 alios
963 693 1072 748 motus
1095 693 1129 748 et
1148 684 1280 767 opificia
1303 695 1449 751 naturae.

297 791 458 873 Exempli
473 791 599 873 gratia;
624 790 657 852 in
678 810 755 854 casu
777 787 833 852 ubi
854 788 891 852 fit
907 788 1076 871 inquisitio
1091 789 1134 852 de
1150 789 1300 853 universa
1316 789 1400 854 serie
1416 799 1451 854 et

296 897 494 962 continuatis
510 896 694 961 actionibus
709 893 933 971 alimentandi,
945 915 965 958 a
979 894 1086 976 prima
1101 896 1287 977 receptione
1301 895 1449 960 alimenti

295 1001 339 1064 ad
355 1001 624 1064 assimilationem
640 999 841 1082 perfectam3
864 1007 923 1062 aut
938 998 1088 1061 similiter
1102 999 1144 1063 de
1160 1007 1252 1062 motu
1263 999 1448 1064 voluntario

295 1103 329 1168 in
351 1104 591 1183 animalibus,a
614 1104 720 1186 prima
742 1102 955 1184 impressione
978 1102 1221 1185 imaginati-onis
1244 1112 1278 1166 et
1298 1104 1448 1168 continu-

295 1209 358 1272 atis
382 1209 516 1272 nixibus
540 1209 673 1294 spiritus
697 1227 802 1291 usque
830 1205 874 1270 ad
904 1206 1063 1270 flexiones
1093 1215 1127 1270 et
1156 1216 1265 1271 motus
1294 1217 1446 1288 artuum;

294 1322 353 1377 aut
368 1313 411 1377 de
427 1313 594 1396 explicato
613 1320 705 1376 motu
722 1311 854 1393 linguae
874 1319 908 1374 et
926 1310 1087 1373 labiorum
1106 1320 1139 1375 et
1157 1310 1447 1378 instrumentorum

294 1417 495 1504 reliquorum
519 1418 688 1499 usquead
712 1416 891 1480 editionem
913 1434 1032 1478 vocum
1057 1414 1312 1479 articulatarum.
1357 1417 1447 1480 Nam

294 1520 377 1586 haec
398 1543 530 1605 quoque
552 1528 704 1604 spectant
720 1520 764 1583 ad
781 1529 913 1582 naturas
929 1527 1106 1597 concretas,
1121 1519 1190 1583 sive
1205 1519 1394 1602 collegiatus
1413 1530 1447 1584 et

295 1627 329 1688 in
350 1625 473 1689 fabrica
484 1651 493 1704 ;
516 1634 550 1688 et
570 1626 740 1688 intuentur
753 1622 854 1687 veluti
875 1622 1127 1686 consuetudines
1148 1633 1285 1688 naturae
1305 1624 1448 1707 particu-

295 1729 379 1792 lares
395 1738 429 1793 et
444 1728 612 1811 speciales,
628 1749 694 1791 non
710 1727 801 1809 leges
816 1725 1082 1790 fundamentales
1097 1736 1130 1792 et
1146 1748 1345 1808 communes,
1361 1750 1447 1812 quae

295 1834 502 1897 constituunt
517 1832 640 1896 formas
650 1831 686 1897 ³⁵.
716 1831 941 1895 Veruntamen
957 1831 1092 1896 omnino
1107 1830 1279 1896 fatendum
1295 1843 1354 1910 est,
1368 1835 1447 1898 rati·

295 1957 394 2000 onem
411 1937 508 2000 istam
523 1937 624 1999 videri
648 1935 888 2018 expeditiorem
909 1944 943 1999 et
965 1936 1070 2018 magis
1090 1936 1188 2001 sitam
1203 1937 1237 2001 in
1253 1939 1447 2023 propinqu0,

295 2051 329 2104 et
343 2061 437 2123 spem
453 2041 587 2123 injicere
602 2041 716 2122 magis,
731 2059 832 2121 quam
848 2039 940 2104 illam
956 2039 1157 2122 primariamt

338 2143 389 2208 At
415 2164 491 2226 pars
518 2143 697 2225 Operativa
722 2143 879 2220 similiter,
905 2163 991 2224 quae
1017 2143 1093 2208 huic
1120 2144 1204 2226 parti
1232 2143 1447 2227 Contempla-

294 2246 382 2311 tivae
398 2249 582 2331 respondet,
598 2247 825 2329 operationem
844 2247 997 2311 extendit
1013 2257 1047 2312 et
1062 2259 1235 2331 promovet
1249 2250 1292 2313 ab
1308 2249 1347 2313 iis
1361 2269 1447 2333 quae

293 2352 460 2415 ordinario
483 2352 517 2414 in
540 2361 656 2415 natura
677 2351 886 2414 inveniuntur
907 2352 949 2414 ad
972 2353 1135 2434 quaedam
1162 2354 1325 2436 proxima,
1346 2362 1404 2417 aut
1425 2373 1448 2417 a

293 2456 455 2537 proximis
470 2477 536 2519 non
552 2456 733 2519 admodum
750 2464 897 2532 remota;
922 2455 980 2518 sed
996 2455 1129 2519 altiores
1146 2465 1179 2520 et
1194 2457 1352 2521 radicales
1367 2477 1446 2539 ope·

293 2560 438 2624 rationes
459 2581 558 2642 super
580 2568 730 2623 naturam
753 2559 902 2640 pendent
928 2559 1042 2641 utique
1067 2561 1110 2623 ab
1132 2562 1357 2625 axiomatibus
1380 2560 1445 2644 pri·

294 2665 415 2727 mariis.
461 2663 653 2746 Quinetiam
677 2663 733 2726 ubi
761 2683 827 2725 non
849 2663 947 2726 datur
969 2662 1094 2726 homini
1118 2663 1257 2727 facultas
1280 2663 1446 2748 operandi,

293 2767 352 2830 sed
381 2777 513 2832 tantum
543 2768 675 2845 sciendi,
700 2776 737 2831 ut
766 2767 800 2829 in
829 2765 1025 2830 coelestibus
1052 2763 1173 2852 (neque
1202 2769 1291 2831 enirn
1321 2769 1448 2833 ceditur
1490 2835 1496 2842 ,

294 2869 419 2932 homini
435 2871 562 2952 operari
579 2872 611 2933 in
625 2868 787 2947 coelestia,
799 2879 857 2933 aut
873 2890 912 2932 ea
929 2869 1102 2934 immutare
1118 2880 1175 2935 aut
1190 2867 1446 2956 transformare),

294 2980 406 3036 tamen
426 2973 594 3055 inquisitio
609 2973 687 3038 facti
705 2973 806 3056 ipsius
824 2973 892 3036 sive
906 2975 1053 3038 veritatis
1072 2975 1126 3054 rei,
1142 2995 1207 3039 non
1223 2976 1330 3038 minus
1345 2994 1446 3057 quam

295 3077 440 3157 cognitio
462 3097 635 3140 causarum
654 3085 689 3140 et
711 3097 940 3156 consensuum,
955 3079 998 3141 ad
1021 3079 1176 3160 primaria
1198 3078 1254 3142 illa
1277 3088 1311 3142 et
1333 3077 1446 3143 catho-

294 3178 357 3242 lica
379 3181 551 3244 axiomata
573 3182 616 3244 de
639 3181 764 3245 naturis
785 3181 989 3263 simplicibus
1012 3180 1127 3268 (veluti
1150 3184 1193 3246 de
1219 3177 1337 3246 n'atura
1359 3193 1446 3246 rota-

294 3283 393 3347 tionis
419 3293 622 3365 spontaneae
632 3283 666 3363 ³⁶,
689 3286 894 3349 attractionis
923 3287 992 3350 sive
1017 3287 1147 3351 virtutis
1173 3287 1388 3370 magneticae,
1412 3297 1447 3352 et

294 3388 435 3451 aliorum
459 3388 677 3470 complurium
700 3409 786 3470 quae
809 3391 914 3472 magis
936 3392 1123 3456 communia
1145 3400 1222 3455 sunt
1245 3412 1347 3473 quam
1374 3392 1447 3474 ipsa

294 3488 464 3577 coelestia)
480 3492 625 3556 refertur.
660 3493 779 3576 Neque
794 3494 882 3556 enim
897 3504 1006 3576 speret
1021 3495 1139 3579 aliquis
1155 3496 1329 3560 terminare
1344 3515 1445 3579 quae-

294 3598 445 3676 stionem,
461 3606 571 3660 utrum
595 3597 628 3660 in
647 3606 739 3660 motu
757 3598 875 3661 diurno
894 3619 1005 3662 revera
1022 3609 1108 3665 terra
1125 3609 1183 3664 aut
1201 3599 1330 3664 coelum
1350 3609 1446 3678 rotet,

295 3702 356 3765 nisi
371 3711 523 3766 naturam
539 3701 710 3766 rotationis
726 3711 928 3786 spontaneae
944 3705 1034 3786 prius
1048 3705 1346 3787 comprehenderit.

329 3939 352 3972 ³⁶
371 3943 404 3995 In
416 3943 581 4011 attempting
592 3948 624 3996 to
637 3943 790 3998 determine
803 3945 851 4000 the
865 3946 994 4013 meaning
1005 3945 1094 4000 which
1108 3947 1201 4001 Bacon
1213 3945 1343 4002 attached
1354 3953 1385 3999 to
1397 3945 1446 3999 the

295 4025 372 4079 word
385 4026 479 4093 Form,
492 4026 547 4078 this
559 4026 688 4094 language
702 4028 723 4082 is
736 4027 768 4081 of
781 4044 857 4082 sorne
872 4030 1052 4100 importance.
1089 4030 1153 4084 The
1171 4016 1373 4085 ‘fundamental
1391 4029 1446 4082 and

294 4124 423 4162 common
444 4110 524 4163 laws'
549 4126 623 4163 seem
646 4116 676 4163 to
700 4111 735 4164 be
757 4111 953 4182 distinguished
974 4113 1046 4168 from
1071 4114 1118 4168 the
1146 4114 1266 4167 ‘forms'
1294 4130 1327 4168 or
1350 4113 1446 4182 simple

294 4199 404 4246 natures
417 4193 505 4248 which
517 4193 584 4261 they
603 4195 786 4261 ‘constitute,'
805 4197 858 4250 and
874 4197 937 4253 thus
950 4213 1004 4252 one
1023 4198 1104 4251 ‘law'
1124 4214 1157 4251 or
1175 4196 1280 4251 ‘form'
1299 4204 1330 4252 to
1347 4197 1383 4253 be
1401 4214 1445 4253 re·

293 4275 396 4344 garded
408 4292 437 4328 as
449 4292 527 4330 more
538 4276 648 4344 generic
660 4277 726 4331 than
739 4279 863 4334 another.
902 4282 953 4334 See
968 4280 1168 4350 Introduction,
1181 4297 1207 4351 p.
1221 4283 1265 4337 61.

331 4357 353 4391 ⁸⁶
372 4361 422 4415 See
436 4359 463 4414 ii.
478 4363 510 4428 3⁶
524 4359 564 4431 (ε)
579 4361 632 4416 and
647 4367 678 4428 48
695 4360 761 4432 (17),
775 4363 841 4418 with
854 4371 942 4420 notes.
