3346 5104
678 442 756 502 ala.
781 441 805 497 l.
829 445 878 515 71.
1292 448 1354 520 257

202 601 235 667 in
265 605 420 690 antiquos
453 606 600 671 rhetores
630 607 788 690 rejectum
819 616 853 672 et
883 605 1073 672 traductum
1101 615 1161 684 est,
1187 605 1355 690 Gorgiam,

204 706 426 790 Protagoram,
444 710 613 794 Hippiam,
630 712 759 792 Polum,
773 713 874 776 etiam
890 713 1044 776 universo
1059 712 1171 795 generi
1187 711 1356 795 competit,

204 809 343 888 Platoni,
366 812 551 892 Aristoteli,
576 815 711 894 Zenoni,
737 816 894 898 Epicuro,
917 814 1161 900 Theophrast0,
1184 826 1217 880 et
1242 835 1355 880 eorum

202 918 452 996 successoribus,
484 917 680 1003 Chrysippo,
711 919 884 999 Carneadi,
915 919 1058 1003 reliquis.
1113 920 1190 984 Hoc
1223 929 1354 984 tantum

202 1019 378 1087 intererat:
404 1024 494 1105 quod
522 1025 610 1107 prius
633 1045 739 1106 genus
771 1045 893 1107 vagum
923 1025 1021 1090 suerit
1048 1033 1082 1090 et
1109 1023 1355 1099 mercenarium,

202 1124 352 1190 civitates
375 1127 667 1204 circumcursando,
695 1139 729 1194 et
752 1130 950 1212 sapientiam
973 1151 1067 1193 suam
1090 1129 1299 1206 ostentando,
1322 1137 1356 1192 et

203 1229 390 1294 mercedem
417 1233 606 1314 exigend03
629 1233 767 1298 alterum
792 1254 871 1298 vero
901 1233 1068 1298 solennius
1098 1243 1131 1298 et
1157 1231 1354 1316 generosius,

202 1334 325 1415 quippe
334 1355 447 1398 eorum
464 1337 520 1418 qui
536 1335 633 1401 sedes
649 1337 734 1400 fixas
749 1336 943 1415 habuerunt,
956 1347 990 1402 et
1005 1336 1133 1401 scholas
1148 1346 1355 1419 aperuerunt,

202 1444 235 1498 et
265 1437 368 1517 gratis
398 1437 622 1522 philosophati
652 1449 739 1506 sunt.
796 1439 864 1505 Sed
896 1451 1011 1504 tamen
1044 1449 1222 1520 utrumque
1251 1459 1355 1520 genus

201 1535 292 1622 (licet
314 1551 446 1606 caetera
468 1540 594 1628 dispar)
617 1543 851 1625 professorium
880 1553 959 1620 erat,
984 1552 1018 1608 et
1043 1541 1087 1606 ad
1114 1543 1356 1625 disputationes

202 1661 270 1704 rem
287 1643 482 1720 deducebat,
493 1655 527 1709 et
542 1655 650 1710 sectas
666 1647 827 1727 quasdam
843 1655 944 1729 atque
958 1646 1110 1710 haereses
1125 1643 1354 1729 philosophiae

201 1744 396 1812 instituebat
419 1757 452 1811 et
473 1748 727 1831 propugnabat:
758 1758 796 1813 ut
819 1753 928 1814 essent
954 1749 1022 1814 iere
1044 1749 1215 1813 doctrinae
1241 1767 1354 1810 eorum

201 1844 306 1932 (quod
322 1871 388 1914 non
405 1852 492 1916 male
507 1851 678 1916 cavillatus
701 1861 751 1915 est
775 1853 956 1935 Dionysius
979 1853 1013 1916 in
1036 1848 1223 1936 Platonem)
1251 1850 1354 1916 Verba

200 1952 374 2016 otthsorum
388 1975 500 2018 senum
515 1954 562 2018 ad
576 1956 741 2037 imperitos
744 1955 882 2037 thms
890 1955 928 2018 ⁸⁴.
967 1955 1017 2021 At
1033 1955 1234 2039 antiquiores
1249 1953 1296 2017 illi
1309 1975 1354 2017 ex

203 2055 336 2120 Graecis
348 2055 384 2136 ⁸⁵,
403 2057 634 2142 Empedocles,
655 2058 887 2141 Anaxagoras
912 2059 1111 2142 Leucippus,
1132 2058 1353 2132 Democritus,

237 2283 289 2351 Cp.
305 2299 322 2336 a
340 2283 442 2337 similar
461 2299 572 2352 passage
590 2284 618 2337 in
639 2283 688 2338 the
714 2284 883 2352 Redargutio
905 2285 1142 2355 Philosophiarum
1167 2284 1212 2355 (Ε.
1237 2282 1291 2337 and
1316 2282 1353 2343 S„

200 2368 254 2419 vol.
277 2367 314 2422 iii.
335 2383 380 2437 pp.
404 2368 513 2437 565-6),
537 2366 630 2421 where
651 2367 686 2421 he
710 2368 793 2421 ranls
817 2369 897 2422 Plato
922 2370 975 2422 aud
1001 2369 1134 2423 Aristotle
1156 2372 1282 2433 amongst
1305 2363 1354 2417 the

201 2450 333 2518 Sophists,
355 2450 561 2531 distinguishing
585 2449 744 2520 favourably
769 2451 841 2504 from
866 2453 943 2505 them
969 2452 1158 2522 Empedocles,
1185 2448 1353 2512 Heraclitus,

201 2533 388 2600 Democritus,
407 2531 590 2601 Andragoras,
608 2534 663 2588 and
685 2534 880 2588 Parmenides:
912 2535 1026 2604 ‘Neque
1045 2533 1120 2588 enim
1142 2532 1283 2601 reperietis
1303 2531 1354 2583 hos

200 2616 306 2670 scholas
330 2617 476 2686 aperuisse,
500 2617 549 2671 sed
575 2617 688 2670 tandem
712 2617 912 2687 speculationes
937 2625 967 2672 et
992 2619 1102 2671 inventa
1126 2633 1174 2670 sua
1198 2618 1227 2669 iu
1252 2614 1354 2682 scripta

200 2701 345 2768 redegisse,
355 2707 385 2754 et
393 2701 510 2770 posteris
522 2701 721 2756 transmisisse!
740 2702 780 2754 Of
790 2702 870 2754 Plato
882 2701 937 2754 and
949 2701 1082 2755 Aristotle
1094 2701 1129 2754 he
1141 2715 1218 2768 says:
1237 2699 1353 2766 ‘ltaque

200 2799 255 2836 non
276 2783 416 2838 haesitabo
436 2784 508 2853 apud
529 2801 576 2838 vos
594 2785 695 2851 dicere,
714 2800 760 2838 me
778 2785 870 2838 locum
890 2784 997 2838 Platoni
1016 2791 1046 2838 et
1067 2783 1207 2838 Aristoteli
1229 2781 1352 2835 tribuere

200 2867 274 2921 inter
292 2867 445 2934 Sophistas:
471 2868 519 2921 sed
541 2874 673 2938 tanquam
694 2869 798 2922 ordinis
820 2869 959 2924 emendati
981 2875 1010 2923 et
1032 2868 1183 2922 reformati.
1227 2865 1353 2920 Eandem

199 2951 274 3005 enim
286 2967 345 3005 rem
359 2967 470 3019 prorsus
486 2941 572 3005 video.
610 2953 713 3005 Aberat
731 2951 847 3006 fortasse
866 2953 919 3006 loci
937 2954 1056 3006 mutatio
1073 2959 1102 3007 et
1120 2949 1353 3017 circumcursatio,

198 3039 228 3088 et
249 3034 385 3088 mercedis
406 3035 559 3102 indignitas,
583 3043 612 3089 et
633 3036 726 3105 inepta
749 3038 916 3102 ostentatio:
941 3043 1026 3106 atque
1049 3037 1125 3090 lucet
1149 3037 1177 3089 iu
1202 3035 1251 3088 illis
1275 3039 1352 3087 certe

199 3119 330 3188 quiddam
342 3119 480 3173 solennius
493 3125 522 3172 et
535 3119 667 3189 nobilius3
691 3121 741 3175 sed
754 3118 870 3176 aderaut
887 3121 987 3188 schola,
1001 3121 1119 3187 auditor,
1132 3125 1217 3178 secta.
1254 3119 1352 3187 ltaque

195 3219 283 3272 genus
296 3205 383 3272 ipsum
396 3201 522 3270 prolecto
534 3204 663 3260 cemitis’

238 3284 260 3317 ⁸⁴
278 3286 341 3342 The
357 3294 435 3358 story
452 3287 473 3340 is
489 3288 568 3355 given
585 3288 621 3357 by
638 3288 778 3356 Diogenes
795 3287 932 3354 Laertius,
951 3287 997 3344 lib.
1014 3287 1051 3342 iii.
1065 3303 1149 3355 segm.
1171 3291 1220 3341 18:
1246 3285 1306 3352 Tplr
1324 3283 1353 3339 di

196 3369 340 3424 πέπλευκεν
358 3369 394 3426 eis
412 3371 536 3425 Σικελίαν·
561 3371 728 3442 πρῶτονμὲν
750 3373 814 3426 κατὰ
835 3371 896 3426 θέαν
919 3373 964 3440 τῆς
982 3370 1062 3440 νὴσου
1081 3373 1121 3424 καὶ
1142 3375 1193 3424 τῶν
1214 3368 1354 3439 κρατήρων,

197 3452 240 3505 ὅτε
253 3454 295 3507 καὶ
308 3453 444 3509 Διονύσιος
455 3457 470 3507 ὀ
481 3453 679 3526 Ἑρμοκράτους,
692 3453 814 3524 τύραννον
826 3454 869 3523 dv,
882 3452 1027 3526 ἠνάγκασεν
1043 3455 1112 3509 ὥστε
1129 3455 1255 3524 συμμίξαι
1274 3451 1352 3523 αὐτῷ.

199 3537 214 3589 d
232 3536 271 3604 δέ,
285 3537 468 3608 διαλεγόμενον
478 3539 539 3608 περὶ
556 3538 712 3608 τυραννίδος,
730 3538 771 3592 :al
790 3539 901 3608 φάσκων
919 3537 953 3592 ὧν
971 3537 1016 3590 οὐκ
1033 3538 1092 3592 ἔστι
1110 3541 1187 3591 τοῦτο
1205 3537 1320 3604 κρεῖττον
1338 3533 1353 3588 b

198 3619 335 3690 συμφέρον
347 3622 414 3693 αὐτῷ
426 3625 515 3691 μόνον,
528 3621 551 3678 rl
561 3621 596 3690 μὴ
610 3623 651 3675 καὶ
663 3621 740 3691 ἀρετῇ
757 3621 887 3693 διαφέροι,
904 3623 1100 3692 προσέκρουσεν
1118 3619 1194 3692 αὐτῷ·
1219 3616 1353 3690 ὀργισθεὶς

196 3705 257 3774 γάρ,
271 3705 302 3758 Ol
314 3707 391 3775 λόγον
404 3728 463 3772 σου,
476 3705 553 3776 φησί,
566 3709 728 3776 γοροντιῶσι·
747 3706 788 3759 καὶ
800 3703 836 3773 ds,
850 3708 901 3758 Σοῦ
915 3704 945 3757 δι’
956 3726 985 3774 γε
998 3709 1174 3770 τυραννιῶσιν.

233 3785 255 3818 ⁸³
273 3788 314 3842 M.
335 3788 454 3843 Bouillet
471 3789 535 3843 calls
555 3790 693 3842 attention
713 3795 743 3842 to
762 3805 778 3841 a
796 3803 906 3856 passage
925 3788 953 3842 iu
972 3787 1020 3840 the
1041 3784 1209 3852 Redargutio
1227 3781 1351 3836 Philoso-

199 3869 323 3940 phiarum
338 3873 384 3944 (E.
396 3873 450 3926 and
464 3875 499 3940 S,
512 3871 610 3926 voliii.
619 3888 663 3941 pp.
678 3873 739 3938 569,
753 3868 827 3938 570),
840 3871 961 3936 shewing
973 3869 1021 3922 the
1034 3869 1169 3922 attention
1182 3865 1250 3920 with
1262 3865 1352 3919 which

197 3953 290 4008 Bacon
304 3955 445 4024 professed
458 3962 488 4010 to
505 3957 573 4011 have
591 3955 700 4008 studied
715 3955 793 4008 these
809 3953 1011 4024 philosophers:
1037 3953 1158 4004 ‘Scitote
1177 3966 1227 4003 nos
1245 3965 1351 4002 summa

198 4053 262 4091 cum
275 4038 413 4106 diligentia
427 4046 456 4093 et
474 4057 540 4096 cura
558 4055 656 4093 omnes
672 4038 715 4092 vel
733 4038 905 4091 tenuissimas
923 4051 1002 4088 auras
1020 4035 1094 4088 circa
1111 4033 1210 4087 horum
1229 4034 1351 4086 virorum

198 4122 339 4190 opiniones
351 4129 381 4176 et
399 4124 498 4192 placita
517 4129 655 4192 captasse:
673 4127 706 4175 ut
723 4121 854 4191 quicquid
874 4120 908 4172 de
927 4119 985 4186 illis,
1004 4117 1047 4171 vel
1065 4117 1130 4170 dum
1148 4117 1183 4170 ab
1202 4115 1351 4170 Aristotele

198 4203 386 4274 confutantur,
406 4206 448 4260 vel
468 4207 533 4260 dum
555 4223 572 4260 a
593 4206 708 4259 Platone
730 4210 760 4258 et
781 4204 916 4258 Cicerone
938 4202 1067 4267 citantur,
1092 4200 1134 4255 vel
1158 4199 1186 4253 in
1210 4198 1350 4254 Plutarchi

196 4287 335 4356 fasciculo,
357 4291 400 4344 vel
421 4291 449 4344 in
471 4290 575 4344 Laertii
596 4290 666 4358 vitis,
688 4290 731 4343 vel
753 4289 781 4342 iu
803 4285 925 4343 Lucretii
945 4293 1082 4355 poemate,
1103 4283 1145 4338 vel
1167 4283 1195 4336 in
1217 4283 1351 4353 aliquibus

195 4370 365 4439 fragmentis,
378 4374 421 4428 vel
436 4375 463 4426 in
485 4375 578 4442 quavis
596 4374 648 4428 alia
663 4389 755 4442 sparsa
769 4372 903 4427 memoria
916 4376 946 4424 et
962 4370 1110 4436 mentione,
1124 4367 1238 4421 inveniri
1256 4367 1350 4436 possit,

197 4455 391 4524 evolverimus;
416 4473 507 4526 neque
519 4459 620 4512 cursim
632 4465 681 4512 aut
692 4457 885 4526 contemptim,
897 4455 946 4509 sed
959 4469 1023 4508 cum
1040 4453 1093 4506 fide
1110 4459 1139 4508 et
1154 4451 1350 4508 deliberatione

196 4537 458 4594 examinaverimus’

763 4641 781 4694 S
