<?xml version="1.0" encoding="UTF-8"?>
<!DOCTYPE html PUBLIC "-//W3C//DTD XHTML 1.0 Transitional//EN"
    "http://www.w3.org/TR/xhtml1/DTD/xhtml1-transitional.dtd">
<html xmlns="http://www.w3.org/1999/xhtml" xml:lang="en" lang="en">
 <head>
  <title>
</title>
<meta http-equiv="Content-Type" content="text/html;charset=utf-8" />
  <meta name='ocr-system' content='tesseract 3.04.00' />
  <meta name='ocr-capabilities' content='ocr_page ocr_carea ocr_par ocr_line ocrx_word'/>
</head>
<body>
  <div class='ocr_page' id='page_1' title='image "./baconsnovumorga01fowlgoog_0177.png"; bbox 0 0 3308 5106; ppageno 0'>
   <div class='ocr_carea' id='block_1_1' title="bbox 313 429 375 499">
    <p class='ocr_par' dir='ltr' id='par_1_1' title="bbox 313 429 375 499">
     <span class='ocr_line' id='line_1_1' title="bbox 313 429 375 499; baseline 0.016 -1"><span class='ocrx_word' id='word_1_1' title='bbox 313 429 375 499; x_wconf 79' lang='lat'>154</span> 
     </span>
    </p>
   </div>
   <div class='ocr_carea' id='block_1_2' title="bbox 308 593 1512 3979">
    <p class='ocr_par' dir='ltr' id='par_1_2' title="bbox 308 593 1512 3979">
     <span class='ocr_line' id='line_1_2' title="bbox 310 593 1461 682; baseline 0.003 -26"><span class='ocrx_word' id='word_1_2' title='bbox 310 593 391 658; x_wconf 94' lang='lat' dir='ltr'>illud</span> <span class='ocrx_word' id='word_1_3' title='bbox 415 615 517 659; x_wconf 93' lang='lat' dir='ltr'>unum</span> <span class='ocrx_word' id='word_1_4' title='bbox 540 605 577 660; x_wconf 92' lang='lat' dir='ltr'>ut</span> <span class='ocrx_word' id='word_1_5' title='bbox 603 617 652 661; x_wconf 92' lang='lat' dir='ltr'>res</span> <span class='ocrx_word' id='word_1_6' title='bbox 675 596 718 662; x_wconf 89' lang='lat' dir='ltr'>de</span> <span class='ocrx_word' id='word_1_7' title='bbox 743 599 873 682; x_wconf 87' lang='lat' dir='ltr'>integro</span> <span class='ocrx_word' id='word_1_8' title='bbox 897 607 1045 664; x_wconf 90' lang='lat' dir='ltr'>tentetur</span> <span class='ocrx_word' id='word_1_9' title='bbox 1071 597 1259 664; x_wconf 88' lang='lat' dir='ltr'>melioribus</span> <span class='ocrx_word' id='word_1_10' title='bbox 1283 597 1461 682; x_wconf 80' lang='lat' dir='ltr'>praesidiis,</span> 
     </span>
     <span class='ocr_line' id='line_1_3' title="bbox 309 699 1460 787; baseline 0.003 -25"><span class='ocrx_word' id='word_1_11' title='bbox 309 709 412 782; x_wconf 91' lang='lat' dir='ltr'>utque</span> <span class='ocrx_word' id='word_1_12' title='bbox 435 699 493 764; x_wconf 90' lang='lat' dir='ltr'>fiat</span> <span class='ocrx_word' id='word_1_13' title='bbox 515 701 724 766; x_wconf 89' lang='lat' dir='ltr'>scientiarum</span> <span class='ocrx_word' id='word_1_14' title='bbox 747 713 780 768; x_wconf 93' lang='lat' dir='ltr'>et</span> <span class='ocrx_word' id='word_1_15' title='bbox 802 705 922 768; x_wconf 90' lang='lat' dir='ltr'>artium</span> <span class='ocrx_word' id='word_1_16' title='bbox 945 713 1046 787; x_wconf 93' lang='lat' dir='ltr'>atque</span> <span class='ocrx_word' id='word_1_17' title='bbox 1066 705 1174 768; x_wconf 90' lang='lat' dir='ltr'>omnis</span> <span class='ocrx_word' id='word_1_18' title='bbox 1195 704 1360 768; x_wconf 89' lang='lat' dir='ltr'>humanae</span> <span class='ocrx_word' id='word_1_19' title='bbox 1381 703 1460 766; x_wconf 92' lang='lat' dir='ltr'>doc-</span> 
     </span>
     <span class='ocr_line' id='line_1_4' title="bbox 309 803 1460 886; baseline 0.003 -20"><span class='ocrx_word' id='word_1_20' title='bbox 309 803 415 866; x_wconf 87' lang='lat' dir='ltr'>trinae</span> <span class='ocrx_word' id='word_1_21' title='bbox 431 803 463 866; x_wconf 96' lang='lat' dir='ltr'>in</span> <span class='ocrx_word' id='word_1_22' title='bbox 480 803 666 867; x_wconf 93' lang='lat' dir='ltr'>universum</span> <span class='ocrx_word' id='word_1_23' title='bbox 679 805 886 886; x_wconf 90' lang='lat' dir='ltr'>Instauratio,</span> <span class='ocrx_word' id='word_1_24' title='bbox 897 829 918 870; x_wconf 92' lang='lat' dir='ltr'>a</span> <span class='ocrx_word' id='word_1_25' title='bbox 933 807 1054 871; x_wconf 90' lang='lat' dir='ltr'>debitis</span> <span class='ocrx_word' id='word_1_26' title='bbox 1067 808 1213 872; x_wconf 88' lang='lat' dir='ltr'>excitata</span> <span class='ocrx_word' id='word_1_27' title='bbox 1226 806 1460 871; x_wconf 83' lang='lat' dir='ltr'>fundamentis.</span> 
     </span>
     <span class='ocr_line' id='line_1_5' title="bbox 310 905 1460 993; baseline 0.004 -25"><span class='ocrx_word' id='word_1_28' title='bbox 310 905 385 969; x_wconf 90' lang='lat' dir='ltr'>Hoc</span> <span class='ocrx_word' id='word_1_29' title='bbox 407 926 485 969; x_wconf 89' lang='lat' dir='ltr'>vero</span> <span class='ocrx_word' id='word_1_30' title='bbox 512 906 588 970; x_wconf 91' lang='lat' dir='ltr'>licet</span> <span class='ocrx_word' id='word_1_31' title='bbox 611 928 766 990; x_wconf 84' lang='lat' dir='ltr'>aggressu</span> <span class='ocrx_word' id='word_1_32' title='bbox 792 909 956 974; x_wconf 89' lang='lat' dir='ltr'>infinitum</span> <span class='ocrx_word' id='word_1_33' title='bbox 979 911 1139 993; x_wconf 89' lang='lat' dir='ltr'>quiddam</span> <span class='ocrx_word' id='word_1_34' title='bbox 1164 911 1267 974; x_wconf 89' lang='lat' dir='ltr'>videri</span> <span class='ocrx_word' id='word_1_35' title='bbox 1292 910 1396 992; x_wconf 91' lang='lat' dir='ltr'>possit</span> <span class='ocrx_word' id='word_1_36' title='bbox 1421 929 1460 973; x_wconf 90' lang='lat' dir='ltr'>ac</span> 
     </span>
     <span class='ocr_line' id='line_1_6' title="bbox 309 1009 1462 1090; baseline 0.003 -19"><span class='ocrx_word' id='word_1_37' title='bbox 309 1029 408 1090; x_wconf 89' lang='lat' dir='ltr'>supra</span> <span class='ocrx_word' id='word_1_38' title='bbox 428 1009 513 1072; x_wconf 92' lang='lat' dir='ltr'>vires</span> <span class='ocrx_word' id='word_1_39' title='bbox 537 1010 701 1086; x_wconf 90' lang='lat' dir='ltr'>mortales,</span> <span class='ocrx_word' id='word_1_40' title='bbox 725 1021 837 1076; x_wconf 87' lang='lat' dir='ltr'>tamen</span> <span class='ocrx_word' id='word_1_41' title='bbox 860 1013 949 1076; x_wconf 90' lang='lat' dir='ltr'>idem</span> <span class='ocrx_word' id='word_1_42' title='bbox 972 1022 1114 1077; x_wconf 91' lang='lat' dir='ltr'>tractatu</span> <span class='ocrx_word' id='word_1_43' title='bbox 1140 1034 1257 1076; x_wconf 89' lang='lat' dir='ltr'>sanum</span> <span class='ocrx_word' id='word_1_44' title='bbox 1279 1013 1462 1076; x_wconf 90' lang='lat' dir='ltr'>invenietur</span> 
     </span>
     <span class='ocr_line' id='line_1_7' title="bbox 308 1113 1460 1199; baseline 0 -22"><span class='ocrx_word' id='word_1_45' title='bbox 308 1133 348 1177; x_wconf 95' lang='lat' dir='ltr'>ac</span> <span class='ocrx_word' id='word_1_46' title='bbox 370 1113 524 1192; x_wconf 91' lang='lat' dir='ltr'>sobrium,</span> <span class='ocrx_word' id='word_1_47' title='bbox 543 1115 650 1196; x_wconf 83' lang='lat' dir='ltr'>magis</span> <span class='ocrx_word' id='word_1_48' title='bbox 672 1136 773 1196; x_wconf 88' lang='lat' dir='ltr'>quarn</span> <span class='ocrx_word' id='word_1_49' title='bbox 796 1136 941 1199; x_wconf 90' lang='lat' dir='ltr'>eaquae</span> <span class='ocrx_word' id='word_1_50' title='bbox 966 1116 1076 1181; x_wconf 92' lang='lat' dir='ltr'>adhuc</span> <span class='ocrx_word' id='word_1_51' title='bbox 1099 1117 1293 1180; x_wconf 80' lang='lat' dir='ltr'>factasunt.</span> <span class='ocrx_word' id='word_1_52' title='bbox 1339 1116 1460 1178; x_wconf 90' lang='lat' dir='ltr'>Exitus</span> 
     </span>
     <span class='ocr_line' id='line_1_8' title="bbox 310 1215 1460 1302; baseline 0 -22"><span class='ocrx_word' id='word_1_53' title='bbox 310 1217 398 1280; x_wconf 91' lang='lat' dir='ltr'>enim</span> <span class='ocrx_word' id='word_1_54' title='bbox 427 1215 526 1297; x_wconf 87' lang='lat' dir='ltr'>hujus</span> <span class='ocrx_word' id='word_1_55' title='bbox 557 1218 602 1281; x_wconf 89' lang='lat' dir='ltr'>rei</span> <span class='ocrx_word' id='word_1_56' title='bbox 632 1228 682 1283; x_wconf 93' lang='lat' dir='ltr'>est</span> <span class='ocrx_word' id='word_1_57' title='bbox 713 1219 897 1284; x_wconf 92' lang='lat' dir='ltr'>nonnullus.</span> <span class='ocrx_word' id='word_1_58' title='bbox 955 1219 995 1283; x_wconf 91' lang='lat' dir='ltr'>ln</span> <span class='ocrx_word' id='word_1_59' title='bbox 1017 1220 1056 1283; x_wconf 92' lang='lat' dir='ltr'>iis</span> <span class='ocrx_word' id='word_1_60' title='bbox 1078 1240 1156 1283; x_wconf 91' lang='lat' dir='ltr'>vero</span> <span class='ocrx_word' id='word_1_61' title='bbox 1177 1217 1353 1302; x_wconf 87' lang='lat' dir='ltr'>quaejam</span> <span class='ocrx_word' id='word_1_62' title='bbox 1377 1217 1460 1281; x_wconf 90' lang='lat' dir='ltr'>fiunt</span> 
     </span>
     <span class='ocr_line' id='line_1_9' title="bbox 310 1321 1460 1407; baseline 0.001 -23"><span class='ocrx_word' id='word_1_63' title='bbox 310 1321 395 1384; x_wconf 84' lang='lat' dir='ltr'>circa</span> <span class='ocrx_word' id='word_1_64' title='bbox 422 1321 584 1401; x_wconf 87' lang='lat' dir='ltr'>scientias,</span> <span class='ocrx_word' id='word_1_65' title='bbox 609 1332 659 1386; x_wconf 92' lang='lat' dir='ltr'>est</span> <span class='ocrx_word' id='word_1_66' title='bbox 683 1323 809 1405; x_wconf 85' lang='lat' dir='ltr'>vertigo</span> <span class='ocrx_word' id='word_1_67' title='bbox 832 1324 998 1407; x_wconf 86' lang='lat' dir='ltr'>quaedam</span> <span class='ocrx_word' id='word_1_68' title='bbox 1023 1332 1056 1386; x_wconf 94' lang='lat' dir='ltr'>et</span> <span class='ocrx_word' id='word_1_69' title='bbox 1082 1323 1221 1406; x_wconf 85' lang='lat' dir='ltr'>agitatio</span> <span class='ocrx_word' id='word_1_70' title='bbox 1245 1330 1404 1405; x_wconf 88' lang='lat' dir='ltr'>perpetua</span> <span class='ocrx_word' id='word_1_71' title='bbox 1427 1331 1460 1385; x_wconf 93' lang='lat' dir='ltr'>et</span> 
     </span>
     <span class='ocr_line' id='line_1_10' title="bbox 309 1423 1461 1510; baseline -0.001 -22"><span class='ocrx_word' id='word_1_72' title='bbox 309 1424 455 1489; x_wconf 89' lang='lat' dir='ltr'>circulus.</span> <span class='ocrx_word' id='word_1_73' title='bbox 501 1425 620 1506; x_wconf 91' lang='lat' dir='ltr'>Neque</span> <span class='ocrx_word' id='word_1_74' title='bbox 638 1445 715 1489; x_wconf 93' lang='lat' dir='ltr'>eurn</span> <span class='ocrx_word' id='word_1_75' title='bbox 737 1426 821 1510; x_wconf 86' lang='lat' dir='ltr'>sugit</span> <span class='ocrx_word' id='word_1_76' title='bbox 838 1436 965 1510; x_wconf 92' lang='lat' dir='ltr'>quanta</span> <span class='ocrx_word' id='word_1_77' title='bbox 987 1427 1021 1489; x_wconf 94' lang='lat' dir='ltr'>in</span> <span class='ocrx_word' id='word_1_78' title='bbox 1039 1427 1215 1491; x_wconf 79' lang='lat' dir='ltr'>solitudine</span> <span class='ocrx_word' id='word_1_79' title='bbox 1233 1434 1380 1489; x_wconf 88' lang='lat' dir='ltr'>versetur</span> <span class='ocrx_word' id='word_1_80' title='bbox 1398 1423 1461 1488; x_wconf 95' lang='lat' dir='ltr'>hoc</span> 
     </span>
     <span class='ocr_line' id='line_1_11' title="bbox 308 1528 1512 1612; baseline 0 -22"><span class='ocrx_word' id='word_1_81' title='bbox 308 1529 584 1611; x_wconf 85' lang='lat' dir='ltr'>experimentum,</span> <span class='ocrx_word' id='word_1_82' title='bbox 600 1538 633 1592; x_wconf 93' lang='lat' dir='ltr'>et</span> <span class='ocrx_word' id='word_1_83' title='bbox 649 1550 749 1612; x_wconf 93' lang='lat' dir='ltr'>quam</span> <span class='ocrx_word' id='word_1_84' title='bbox 765 1532 883 1594; x_wconf 92' lang='lat' dir='ltr'>durum</span> <span class='ocrx_word' id='word_1_85' title='bbox 901 1541 933 1596; x_wconf 93' lang='lat' dir='ltr'>et</span> <span class='ocrx_word' id='word_1_86' title='bbox 952 1529 1141 1595; x_wconf 91' lang='lat' dir='ltr'>incredibile</span> <span class='ocrx_word' id='word_1_87' title='bbox 1157 1531 1199 1594; x_wconf 91' lang='lat' dir='ltr'>sit</span> <span class='ocrx_word' id='word_1_88' title='bbox 1217 1530 1259 1593; x_wconf 94' lang='lat' dir='ltr'>ad</span> <span class='ocrx_word' id='word_1_89' title='bbox 1276 1528 1460 1592; x_wconf 85' lang='lat' dir='ltr'>faciendam</span> <span class='ocrx_word' id='word_1_90' title='bbox 1509 1560 1512 1569; x_wconf 94' lang='lat'>·</span> 
     </span>
     <span class='ocr_line' id='line_1_12' title="bbox 310 1631 1460 1716; baseline -0.001 -21"><span class='ocrx_word' id='word_1_91' title='bbox 310 1631 420 1697; x_wconf 90' lang='lat' dir='ltr'>fidem.</span> <span class='ocrx_word' id='word_1_92' title='bbox 466 1631 696 1709; x_wconf 90' lang='lat' dir='ltr'>Nihilominus,</span> <span class='ocrx_word' id='word_1_93' title='bbox 714 1654 773 1698; x_wconf 91' lang='lat' dir='ltr'>nec</span> <span class='ocrx_word' id='word_1_94' title='bbox 794 1655 862 1698; x_wconf 91' lang='lat' dir='ltr'>rem</span> <span class='ocrx_word' id='word_1_95' title='bbox 884 1655 945 1699; x_wconf 91' lang='lat' dir='ltr'>nec</span> <span class='ocrx_word' id='word_1_96' title='bbox 965 1636 1110 1716; x_wconf 92' lang='lat' dir='ltr'>seipsum</span> <span class='ocrx_word' id='word_1_97' title='bbox 1131 1633 1348 1697; x_wconf 91' lang='lat' dir='ltr'>deserendum</span> <span class='ocrx_word' id='word_1_98' title='bbox 1364 1641 1460 1714; x_wconf 92' lang='lat' dir='ltr'>puta·</span> 
     </span>
     <span class='ocr_line' id='line_1_13' title="bbox 309 1736 1460 1819; baseline -0.002 -21"><span class='ocrx_word' id='word_1_99' title='bbox 309 1737 364 1814; x_wconf 89' lang='lat' dir='ltr'>vit,</span> <span class='ocrx_word' id='word_1_100' title='bbox 387 1736 466 1818; x_wconf 92' lang='lat' dir='ltr'>quin</span> <span class='ocrx_word' id='word_1_101' title='bbox 488 1737 576 1799; x_wconf 89' lang='lat' dir='ltr'>viam</span> <span class='ocrx_word' id='word_1_102' title='bbox 598 1756 684 1818; x_wconf 90' lang='lat' dir='ltr'>quae</span> <span class='ocrx_word' id='word_1_103' title='bbox 708 1757 774 1801; x_wconf 91' lang='lat' dir='ltr'>una</span> <span class='ocrx_word' id='word_1_104' title='bbox 797 1737 961 1801; x_wconf 89' lang='lat' dir='ltr'>humanae</span> <span class='ocrx_word' id='word_1_105' title='bbox 987 1738 1089 1800; x_wconf 90' lang='lat' dir='ltr'>menti</span> <span class='ocrx_word' id='word_1_106' title='bbox 1114 1737 1224 1819; x_wconf 90' lang='lat' dir='ltr'>pervia</span> <span class='ocrx_word' id='word_1_107' title='bbox 1247 1745 1297 1799; x_wconf 91' lang='lat' dir='ltr'>est</span> <span class='ocrx_word' id='word_1_108' title='bbox 1318 1741 1460 1798; x_wconf 91' lang='lat' dir='ltr'>tentaret</span> 
     </span>
     <span class='ocr_line' id='line_1_14' title="bbox 308 1837 1459 1922; baseline -0.003 -20"><span class='ocrx_word' id='word_1_109' title='bbox 308 1848 409 1920; x_wconf 91' lang='lat' dir='ltr'>atque</span> <span class='ocrx_word' id='word_1_110' title='bbox 428 1839 534 1901; x_wconf 91' lang='lat' dir='ltr'>iniret.</span> <span class='ocrx_word' id='word_1_111' title='bbox 580 1838 730 1904; x_wconf 91' lang='lat' dir='ltr'>Praestat</span> <span class='ocrx_word' id='word_1_112' title='bbox 749 1841 837 1903; x_wconf 92' lang='lat' dir='ltr'>enim</span> <span class='ocrx_word' id='word_1_113' title='bbox 857 1841 1052 1922; x_wconf 90' lang='lat' dir='ltr'>principium</span> <span class='ocrx_word' id='word_1_114' title='bbox 1071 1840 1151 1903; x_wconf 93' lang='lat' dir='ltr'>dare</span> <span class='ocrx_word' id='word_1_115' title='bbox 1166 1840 1211 1902; x_wconf 91' lang='lat' dir='ltr'>rei</span> <span class='ocrx_word' id='word_1_116' title='bbox 1227 1860 1313 1922; x_wconf 91' lang='lat' dir='ltr'>quae</span> <span class='ocrx_word' id='word_1_117' title='bbox 1332 1837 1459 1901; x_wconf 91' lang='lat' dir='ltr'>exitum</span> 
     </span>
     <span class='ocr_line' id='line_1_15' title="bbox 309 1941 1460 2028; baseline -0.002 -23"><span class='ocrx_word' id='word_1_118' title='bbox 309 1941 431 2005; x_wconf 91' lang='lat' dir='ltr'>habere</span> <span class='ocrx_word' id='word_1_119' title='bbox 453 1943 565 2024; x_wconf 88' lang='lat' dir='ltr'>possit,</span> <span class='ocrx_word' id='word_1_120' title='bbox 583 1964 684 2026; x_wconf 91' lang='lat' dir='ltr'>quam</span> <span class='ocrx_word' id='word_1_121' title='bbox 707 1945 741 2007; x_wconf 95' lang='lat' dir='ltr'>in</span> <span class='ocrx_word' id='word_1_122' title='bbox 762 1945 800 2009; x_wconf 93' lang='lat' dir='ltr'>iis</span> <span class='ocrx_word' id='word_1_123' title='bbox 824 1966 910 2028; x_wconf 93' lang='lat' dir='ltr'>quae</span> <span class='ocrx_word' id='word_1_124' title='bbox 933 1946 1061 2010; x_wconf 90' lang='lat' dir='ltr'>exitum</span> <span class='ocrx_word' id='word_1_125' title='bbox 1089 1943 1214 2007; x_wconf 91' lang='lat' dir='ltr'>nullum</span> <span class='ocrx_word' id='word_1_126' title='bbox 1236 1941 1361 2006; x_wconf 90' lang='lat' dir='ltr'>habent</span> <span class='ocrx_word' id='word_1_127' title='bbox 1387 1960 1460 2024; x_wconf 93' lang='lat' dir='ltr'>per·</span> 
     </span>
     <span class='ocr_line' id='line_1_16' title="bbox 310 2048 1460 2132; baseline -0.002 -23"><span class='ocrx_word' id='word_1_128' title='bbox 310 2055 411 2128; x_wconf 90' lang='lat' dir='ltr'>petua</span> <span class='ocrx_word' id='word_1_129' title='bbox 433 2048 644 2111; x_wconf 90' lang='lat' dir='ltr'>contentione</span> <span class='ocrx_word' id='word_1_130' title='bbox 667 2058 700 2112; x_wconf 93' lang='lat' dir='ltr'>et</span> <span class='ocrx_word' id='word_1_131' title='bbox 720 2051 831 2113; x_wconf 91' lang='lat' dir='ltr'>studio</span> <span class='ocrx_word' id='word_1_132' title='bbox 855 2049 1023 2132; x_wconf 90' lang='lat' dir='ltr'>implicari.</span> <span class='ocrx_word' id='word_1_133' title='bbox 1075 2048 1159 2113; x_wconf 91' lang='lat' dir='ltr'>Viae</span> <span class='ocrx_word' id='word_1_134' title='bbox 1181 2056 1292 2110; x_wconf 90' lang='lat' dir='ltr'>autem</span> <span class='ocrx_word' id='word_1_135' title='bbox 1316 2055 1460 2110; x_wconf 91' lang='lat' dir='ltr'>contem·</span> 
     </span>
     <span class='ocr_line' id='line_1_17' title="bbox 310 2148 1460 2234; baseline 0 -23"><span class='ocrx_word' id='word_1_136' title='bbox 310 2149 455 2231; x_wconf 90' lang='lat' dir='ltr'>plativae</span> <span class='ocrx_word' id='word_1_137' title='bbox 469 2151 529 2213; x_wconf 91' lang='lat' dir='ltr'>viis</span> <span class='ocrx_word' id='word_1_138' title='bbox 550 2150 614 2214; x_wconf 93' lang='lat' dir='ltr'>illis</span> <span class='ocrx_word' id='word_1_139' title='bbox 636 2152 751 2216; x_wconf 89' lang='lat' dir='ltr'>activis</span> <span class='ocrx_word' id='word_1_140' title='bbox 766 2152 949 2216; x_wconf 87' lang='lat' dir='ltr'>decantatis</span> <span class='ocrx_word' id='word_1_141' title='bbox 967 2152 1034 2216; x_wconf 85' lang='lat' dir='ltr'>fere</span> <span class='ocrx_word' id='word_1_142' title='bbox 1054 2152 1274 2234; x_wconf 84' lang='lat' dir='ltr'>respondent3</span> <span class='ocrx_word' id='word_1_143' title='bbox 1297 2156 1333 2212; x_wconf 92' lang='lat' dir='ltr'>ut</span> <span class='ocrx_word' id='word_1_144' title='bbox 1348 2148 1460 2225; x_wconf 88' lang='lat' dir='ltr'>altera,</span> 
     </span>
     <span class='ocr_line' id='line_1_18' title="bbox 310 2252 1459 2340; baseline -0.001 -25"><span class='ocrx_word' id='word_1_145' title='bbox 310 2253 353 2316; x_wconf 93' lang='lat' dir='ltr'>ab</span> <span class='ocrx_word' id='word_1_146' title='bbox 374 2254 466 2317; x_wconf 91' lang='lat' dir='ltr'>initio</span> <span class='ocrx_word' id='word_1_147' title='bbox 486 2256 588 2318; x_wconf 91' lang='lat' dir='ltr'>ardua</span> <span class='ocrx_word' id='word_1_148' title='bbox 609 2265 642 2320; x_wconf 88' lang='lat' dir='ltr'>et</span> <span class='ocrx_word' id='word_1_149' title='bbox 663 2256 812 2335; x_wconf 89' lang='lat' dir='ltr'>difficilis,</span> <span class='ocrx_word' id='word_1_150' title='bbox 827 2257 955 2340; x_wconf 81' lang='lat' dir='ltr'>desinat</span> <span class='ocrx_word' id='word_1_151' title='bbox 977 2257 1010 2319; x_wconf 92' lang='lat' dir='ltr'>in</span> <span class='ocrx_word' id='word_1_152' title='bbox 1032 2264 1203 2339; x_wconf 89' lang='lat' dir='ltr'>apertum;</span> <span class='ocrx_word' id='word_1_153' title='bbox 1226 2252 1338 2331; x_wconf 89' lang='lat' dir='ltr'>altera,</span> <span class='ocrx_word' id='word_1_154' title='bbox 1354 2252 1459 2336; x_wconf 93' lang='lat' dir='ltr'>primo</span> 
     </span>
     <span class='ocr_line' id='line_1_19' title="bbox 309 2357 1458 2444; baseline -0.003 -24"><span class='ocrx_word' id='word_1_155' title='bbox 309 2357 429 2422; x_wconf 92' lang='lat' dir='ltr'>intuitu</span> <span class='ocrx_word' id='word_1_156' title='bbox 462 2361 621 2441; x_wconf 91' lang='lat' dir='ltr'>expedita</span> <span class='ocrx_word' id='word_1_157' title='bbox 650 2369 683 2424; x_wconf 89' lang='lat' dir='ltr'>et</span> <span class='ocrx_word' id='word_1_158' title='bbox 716 2362 876 2444; x_wconf 90' lang='lat' dir='ltr'>proclivis,</span> <span class='ocrx_word' id='word_1_159' title='bbox 900 2362 999 2425; x_wconf 91' lang='lat' dir='ltr'>ducat</span> <span class='ocrx_word' id='word_1_160' title='bbox 1030 2360 1063 2423; x_wconf 93' lang='lat' dir='ltr'>in</span> <span class='ocrx_word' id='word_1_161' title='bbox 1093 2361 1168 2424; x_wconf 87' lang='lat' dir='ltr'>avia</span> <span class='ocrx_word' id='word_1_162' title='bbox 1196 2368 1230 2422; x_wconf 91' lang='lat' dir='ltr'>et</span> <span class='ocrx_word' id='word_1_163' title='bbox 1260 2357 1458 2440; x_wconf 91' lang='lat' dir='ltr'>praecipitia.</span> 
     </span>
     <span class='ocr_line' id='line_1_20' title="bbox 310 2459 1459 2546; baseline -0.001 -23"><span class='ocrx_word' id='word_1_164' title='bbox 310 2459 422 2544; x_wconf 85' lang='lat' dir='ltr'>Quum</span> <span class='ocrx_word' id='word_1_165' title='bbox 456 2471 569 2526; x_wconf 92' lang='lat' dir='ltr'>autem</span> <span class='ocrx_word' id='word_1_166' title='bbox 607 2463 748 2527; x_wconf 91' lang='lat' dir='ltr'>incertus</span> <span class='ocrx_word' id='word_1_167' title='bbox 784 2474 871 2528; x_wconf 92' lang='lat' dir='ltr'>esset</span> <span class='ocrx_word' id='word_1_168' title='bbox 907 2463 1041 2546; x_wconf 92' lang='lat' dir='ltr'>quando</span> <span class='ocrx_word' id='word_1_169' title='bbox 1071 2461 1153 2527; x_wconf 90' lang='lat' dir='ltr'>haec</span> <span class='ocrx_word' id='word_1_170' title='bbox 1189 2461 1284 2526; x_wconf 94' lang='lat' dir='ltr'>alicui</span> <span class='ocrx_word' id='word_1_171' title='bbox 1321 2460 1459 2544; x_wconf 90' lang='lat' dir='ltr'>posthac</span> 
     </span>
     <span class='ocr_line' id='line_1_21' title="bbox 310 2566 1459 2651; baseline -0.001 -24"><span class='ocrx_word' id='word_1_172' title='bbox 310 2566 343 2628; x_wconf 96' lang='lat' dir='ltr'>in</span> <span class='ocrx_word' id='word_1_173' title='bbox 373 2577 519 2630; x_wconf 90' lang='lat' dir='ltr'>mentem</span> <span class='ocrx_word' id='word_1_174' title='bbox 550 2578 688 2631; x_wconf 85' lang='lat' dir='ltr'>ventura</span> <span class='ocrx_word' id='word_1_175' title='bbox 717 2569 805 2646; x_wconf 90' lang='lat' dir='ltr'>sint;</span> <span class='ocrx_word' id='word_1_176' title='bbox 843 2589 883 2632; x_wconf 91' lang='lat' dir='ltr'>eo</span> <span class='ocrx_word' id='word_1_177' title='bbox 910 2568 1119 2651; x_wconf 90' lang='lat' dir='ltr'>potissimum</span> <span class='ocrx_word' id='word_1_178' title='bbox 1150 2588 1228 2630; x_wconf 91' lang='lat' dir='ltr'>usus</span> <span class='ocrx_word' id='word_1_179' title='bbox 1256 2574 1459 2648; x_wconf 84' lang='lat' dir='ltr'>argumento,</span> 
     </span>
     <span class='ocr_line' id='line_1_22' title="bbox 308 2668 1460 2752; baseline -0.003 -20"><span class='ocrx_word' id='word_1_180' title='bbox 308 2671 398 2752; x_wconf 90' lang='lat' dir='ltr'>quod</span> <span class='ocrx_word' id='word_1_181' title='bbox 425 2671 592 2734; x_wconf 91' lang='lat' dir='ltr'>neminem</span> <span class='ocrx_word' id='word_1_182' title='bbox 615 2670 774 2734; x_wconf 91' lang='lat' dir='ltr'>hactenus</span> <span class='ocrx_word' id='word_1_183' title='bbox 798 2671 922 2734; x_wconf 89' lang='lat' dir='ltr'>invenit</span> <span class='ocrx_word' id='word_1_184' title='bbox 946 2671 1002 2752; x_wconf 93' lang='lat' dir='ltr'>qui</span> <span class='ocrx_word' id='word_1_185' title='bbox 1029 2670 1073 2733; x_wconf 92' lang='lat' dir='ltr'>ad</span> <span class='ocrx_word' id='word_1_186' title='bbox 1096 2669 1219 2732; x_wconf 89' lang='lat' dir='ltr'>similes</span> <span class='ocrx_word' id='word_1_187' title='bbox 1243 2668 1460 2751; x_wconf 84' lang='lat' dir='ltr'>cogitationes</span> 
     </span>
     <span class='ocr_line' id='line_1_23' title="bbox 309 2772 1460 2858; baseline -0.003 -20"><span class='ocrx_word' id='word_1_188' title='bbox 309 2775 457 2838; x_wconf 91' lang='lat' dir='ltr'>animum</span> <span class='ocrx_word' id='word_1_189' title='bbox 478 2775 692 2858; x_wconf 91' lang='lat' dir='ltr'>applicuerit;</span> <span class='ocrx_word' id='word_1_190' title='bbox 723 2775 868 2839; x_wconf 89' lang='lat' dir='ltr'>decrevit</span> <span class='ocrx_word' id='word_1_191' title='bbox 892 2775 998 2856; x_wconf 88' lang='lat' dir='ltr'>prima</span> <span class='ocrx_word' id='word_1_192' title='bbox 1023 2794 1173 2856; x_wconf 91' lang='lat' dir='ltr'>quaeque</span> <span class='ocrx_word' id='word_1_193' title='bbox 1196 2794 1281 2855; x_wconf 91' lang='lat' dir='ltr'>quae</span> <span class='ocrx_word' id='word_1_194' title='bbox 1304 2772 1460 2855; x_wconf 87' lang='lat' dir='ltr'>perficere</span> 
     </span>
     <span class='ocr_line' id='line_1_24' title="bbox 309 2874 1460 2962; baseline -0.003 -22"><span class='ocrx_word' id='word_1_195' title='bbox 309 2878 399 2942; x_wconf 91' lang='lat' dir='ltr'>licuit</span> <span class='ocrx_word' id='word_1_196' title='bbox 436 2879 468 2940; x_wconf 96' lang='lat' dir='ltr'>in</span> <span class='ocrx_word' id='word_1_197' title='bbox 502 2878 671 2962; x_wconf 92' lang='lat' dir='ltr'>publicum</span> <span class='ocrx_word' id='word_1_198' title='bbox 710 2880 816 2943; x_wconf 90' lang='lat' dir='ltr'>edere.</span> <span class='ocrx_word' id='word_1_199' title='bbox 878 2878 998 2960; x_wconf 88' lang='lat' dir='ltr'>Neque</span> <span class='ocrx_word' id='word_1_200' title='bbox 1033 2875 1115 2941; x_wconf 95' lang='lat' dir='ltr'>haec</span> <span class='ocrx_word' id='word_1_201' title='bbox 1152 2876 1319 2941; x_wconf 83' lang='lat' dir='ltr'>festinatio</span> <span class='ocrx_word' id='word_1_202' title='bbox 1354 2874 1460 2939; x_wconf 91' lang='lat' dir='ltr'>ambi-</span> 
     </span>
     <span class='ocr_line' id='line_1_25' title="bbox 310 2979 1460 3064; baseline -0.003 -19"><span class='ocrx_word' id='word_1_203' title='bbox 310 2983 396 3046; x_wconf 91' lang='lat' dir='ltr'>tiosa</span> <span class='ocrx_word' id='word_1_204' title='bbox 432 2981 501 3061; x_wconf 82' lang='lat' dir='ltr'>fuit,</span> <span class='ocrx_word' id='word_1_205' title='bbox 532 2983 590 3046; x_wconf 94' lang='lat' dir='ltr'>sed</span> <span class='ocrx_word' id='word_1_206' title='bbox 624 2982 785 3060; x_wconf 84' lang='lat' dir='ltr'>sollicita3</span> <span class='ocrx_word' id='word_1_207' title='bbox 824 2991 860 3046; x_wconf 91' lang='lat' dir='ltr'>ut</span> <span class='ocrx_word' id='word_1_208' title='bbox 897 2983 925 3046; x_wconf 92' lang='lat' dir='ltr'>si</span> <span class='ocrx_word' id='word_1_209' title='bbox 957 2982 1038 3064; x_wconf 90' lang='lat' dir='ltr'>quid</span> <span class='ocrx_word' id='word_1_210' title='bbox 1069 2980 1115 3044; x_wconf 92' lang='lat' dir='ltr'>illi</span> <span class='ocrx_word' id='word_1_211' title='bbox 1152 2981 1342 3045; x_wconf 91' lang='lat' dir='ltr'>humanitus</span> <span class='ocrx_word' id='word_1_212' title='bbox 1375 2979 1460 3042; x_wconf 92' lang='lat' dir='ltr'>acci·</span> 
     </span>
     <span class='ocr_line' id='line_1_26' title="bbox 309 3083 1460 3170; baseline -0.002 -22"><span class='ocrx_word' id='word_1_213' title='bbox 309 3086 412 3162; x_wconf 89' lang='lat' dir='ltr'>deret,</span> <span class='ocrx_word' id='word_1_214' title='bbox 435 3095 564 3149; x_wconf 87' lang='lat' dir='ltr'>extaret</span> <span class='ocrx_word' id='word_1_215' title='bbox 587 3096 699 3150; x_wconf 89' lang='lat' dir='ltr'>tamen</span> <span class='ocrx_word' id='word_1_216' title='bbox 731 3087 915 3170; x_wconf 88' lang='lat' dir='ltr'>designatio</span> <span class='ocrx_word' id='word_1_217' title='bbox 941 3086 1106 3169; x_wconf 89' lang='lat' dir='ltr'>quaedam</span> <span class='ocrx_word' id='word_1_218' title='bbox 1136 3107 1174 3150; x_wconf 92' lang='lat' dir='ltr'>ac</span> <span class='ocrx_word' id='word_1_219' title='bbox 1204 3083 1380 3150; x_wconf 89' lang='lat' dir='ltr'>destinatio</span> <span class='ocrx_word' id='word_1_220' title='bbox 1414 3083 1460 3147; x_wconf 85' lang='lat' dir='ltr'>rei</span> 
     </span>
     <span class='ocr_line' id='line_1_27' title="bbox 310 3186 1460 3272; baseline -0.002 -21"><span class='ocrx_word' id='word_1_221' title='bbox 310 3209 410 3271; x_wconf 92' lang='lat' dir='ltr'>quam</span> <span class='ocrx_word' id='word_1_222' title='bbox 428 3189 540 3252; x_wconf 91' lang='lat' dir='ltr'>animo</span> <span class='ocrx_word' id='word_1_223' title='bbox 556 3190 750 3270; x_wconf 89' lang='lat' dir='ltr'>complexus</span> <span class='ocrx_word' id='word_1_224' title='bbox 771 3200 842 3268; x_wconf 90' lang='lat' dir='ltr'>est;</span> <span class='ocrx_word' id='word_1_225' title='bbox 865 3198 967 3272; x_wconf 92' lang='lat' dir='ltr'>utque</span> <span class='ocrx_word' id='word_1_226' title='bbox 986 3198 1116 3252; x_wconf 90' lang='lat' dir='ltr'>extaret</span> <span class='ocrx_word' id='word_1_227' title='bbox 1133 3189 1231 3252; x_wconf 92' lang='lat' dir='ltr'>simul</span> <span class='ocrx_word' id='word_1_228' title='bbox 1252 3189 1382 3271; x_wconf 84' lang='lat' dir='ltr'>signum</span> <span class='ocrx_word' id='word_1_229' title='bbox 1401 3186 1460 3250; x_wconf 87' lang='lat' dir='ltr'>ali-</span> 
     </span>
     <span class='ocr_line' id='line_1_28' title="bbox 353 3290 1418 3375; baseline 0 -21"><span class='ocrx_word' id='word_1_230' title='bbox 353 3292 442 3373; x_wconf 94' lang='lat' dir='ltr'>quod</span> <span class='ocrx_word' id='word_1_231' title='bbox 462 3291 619 3355; x_wconf 89' lang='lat' dir='ltr'>honestae</span> <span class='ocrx_word' id='word_1_232' title='bbox 638 3313 716 3356; x_wconf 91' lang='lat' dir='ltr'>suae</span> <span class='ocrx_word' id='word_1_233' title='bbox 732 3301 765 3356; x_wconf 93' lang='lat' dir='ltr'>et</span> <span class='ocrx_word' id='word_1_234' title='bbox 781 3313 963 3375; x_wconf 90' lang='lat' dir='ltr'>propensae</span> <span class='ocrx_word' id='word_1_235' title='bbox 981 3293 1014 3355; x_wconf 95' lang='lat' dir='ltr'>in</span> <span class='ocrx_word' id='word_1_236' title='bbox 1031 3292 1160 3374; x_wconf 84' lang='lat' dir='ltr'>generis</span> <span class='ocrx_word' id='word_1_237' title='bbox 1176 3290 1311 3354; x_wconf 90' lang='lat' dir='ltr'>humani</span> <span class='ocrx_word' id='word_1_238' title='bbox 1327 3309 1418 3354; x_wconf 91' lang='lat' dir='ltr'>com·</span> 
     </span>
     <span class='ocr_line' id='line_1_29' title="bbox 414 3394 1358 3477; baseline -0.003 -18"><span class='ocrx_word' id='word_1_239' title='bbox 414 3396 514 3459; x_wconf 89' lang='lat' dir='ltr'>moda</span> <span class='ocrx_word' id='word_1_240' title='bbox 539 3394 726 3460; x_wconf 92' lang='lat' dir='ltr'>voluntatis.</span> <span class='ocrx_word' id='word_1_241' title='bbox 785 3395 883 3461; x_wconf 91' lang='lat' dir='ltr'>Certe</span> <span class='ocrx_word' id='word_1_242' title='bbox 905 3395 1005 3459; x_wconf 91' lang='lat' dir='ltr'>aliam</span> <span class='ocrx_word' id='word_1_243' title='bbox 1032 3415 1263 3477; x_wconf 91' lang='lat' dir='ltr'>quamcunque</span> <span class='ocrx_word' id='word_1_244' title='bbox 1288 3413 1358 3457; x_wconf 90' lang='lat' dir='ltr'>am-</span> 
     </span>
     <span class='ocr_line' id='line_1_30' title="bbox 452 3498 1314 3580; baseline -0.003 -17"><span class='ocrx_word' id='word_1_245' title='bbox 452 3498 613 3563; x_wconf 90' lang='lat' dir='ltr'>bitionem</span> <span class='ocrx_word' id='word_1_246' title='bbox 638 3498 823 3562; x_wconf 78' lang='lat' dir='ltr'>inferiorem</span> <span class='ocrx_word' id='word_1_247' title='bbox 845 3498 942 3562; x_wconf 89' lang='lat' dir='ltr'>duxit</span> <span class='ocrx_word' id='word_1_248' title='bbox 965 3517 1120 3580; x_wconf 91' lang='lat' dir='ltr'>requam</span> <span class='ocrx_word' id='word_1_249' title='bbox 1144 3517 1222 3580; x_wconf 90' lang='lat' dir='ltr'>prae</span> <span class='ocrx_word' id='word_1_250' title='bbox 1245 3517 1314 3560; x_wconf 91' lang='lat' dir='ltr'>ma-</span> 
     </span>
     <span class='ocr_line' id='line_1_31' title="bbox 495 3599 1272 3684; baseline -0.004 -18"><span class='ocrx_word' id='word_1_251' title='bbox 495 3601 592 3666; x_wconf 93' lang='lat' dir='ltr'>nibus</span> <span class='ocrx_word' id='word_1_252' title='bbox 617 3600 742 3664; x_wconf 89' lang='lat' dir='ltr'>habuit.</span> <span class='ocrx_word' id='word_1_253' title='bbox 800 3599 873 3664; x_wconf 89' lang='lat' dir='ltr'>Aut</span> <span class='ocrx_word' id='word_1_254' title='bbox 895 3600 983 3664; x_wconf 90' lang='lat' dir='ltr'>enim</span> <span class='ocrx_word' id='word_1_255' title='bbox 1005 3599 1072 3681; x_wconf 77' lang='lat' dir='ltr'>hoq</span> <span class='ocrx_word' id='word_1_256' title='bbox 1091 3600 1179 3682; x_wconf 94' lang='lat' dir='ltr'>quod</span> <span class='ocrx_word' id='word_1_257' title='bbox 1203 3600 1272 3684; x_wconf 85' lang='lat' dir='ltr'>agi·</span> 
     </span>
     <span class='ocr_line' id='line_1_32' title="bbox 539 3703 1228 3782; baseline 0 -12"><span class='ocrx_word' id='word_1_258' title='bbox 539 3715 593 3770; x_wconf 91' lang='lat' dir='ltr'>tur</span> <span class='ocrx_word' id='word_1_259' title='bbox 626 3703 707 3767; x_wconf 91' lang='lat' dir='ltr'>nihil</span> <span class='ocrx_word' id='word_1_260' title='bbox 739 3712 797 3782; x_wconf 89' lang='lat' dir='ltr'>est,</span> <span class='ocrx_word' id='word_1_261' title='bbox 829 3711 888 3766; x_wconf 91' lang='lat' dir='ltr'>aut</span> <span class='ocrx_word' id='word_1_262' title='bbox 918 3711 1057 3782; x_wconf 88' lang='lat' dir='ltr'>tantum,</span> <span class='ocrx_word' id='word_1_263' title='bbox 1088 3713 1125 3768; x_wconf 94' lang='lat' dir='ltr'>ut</span> <span class='ocrx_word' id='word_1_264' title='bbox 1159 3723 1228 3770; x_wconf 91' lang='lat' dir='ltr'>me·</span> 
     </span>
     <span class='ocr_line' id='line_1_33' title="bbox 590 3806 1176 3888; baseline -0.003 -15"><span class='ocrx_word' id='word_1_265' title='bbox 590 3808 652 3873; x_wconf 88' lang='lat' dir='ltr'>rito</span> <span class='ocrx_word' id='word_1_266' title='bbox 685 3807 757 3888; x_wconf 90' lang='lat' dir='ltr'>ipso</span> <span class='ocrx_word' id='word_1_267' title='bbox 791 3814 982 3869; x_wconf 92' lang='lat' dir='ltr'>contentum</span> <span class='ocrx_word' id='word_1_268' title='bbox 1016 3826 1087 3870; x_wconf 90' lang='lat' dir='ltr'>esse</span> <span class='ocrx_word' id='word_1_269' title='bbox 1118 3806 1176 3872; x_wconf 93' lang='lat' dir='ltr'>de·</span> 
     </span>
     <span class='ocr_line' id='line_1_34' title="bbox 664 3908 1095 3979; baseline -0.002 -2"><span class='ocrx_word' id='word_1_270' title='bbox 664 3911 742 3979; x_wconf 90' lang='lat' dir='ltr'>beat</span> <span class='ocrx_word' id='word_1_271' title='bbox 773 3929 833 3974; x_wconf 91' lang='lat' dir='ltr'>nec</span> <span class='ocrx_word' id='word_1_272' title='bbox 864 3908 1004 3974; x_wconf 84' lang='lat' dir='ltr'>fructum</span> <span class='ocrx_word' id='word_1_273' title='bbox 1036 3931 1095 3976; x_wconf 88' lang='lat' dir='ltr'>ex·</span> 
     </span>
    </p>
   </div>
   <div class='ocr_carea' id='block_1_3' title="bbox 765 4023 1003 4098">
    <p class='ocr_par' dir='ltr' id='par_1_3' title="bbox 765 4023 1003 4098">
     <span class='ocr_line' id='line_1_35' title="bbox 765 4023 1003 4098; baseline -0.008 -17"><span class='ocrx_word' id='word_1_274' title='bbox 765 4023 815 4082; x_wconf 84' lang='lat' dir='ltr'>tra</span> <span class='ocrx_word' id='word_1_275' title='bbox 838 4033 1003 4098; x_wconf 83' lang='lat' dir='ltr'>quaerere.</span> 
     </span>
    </p>
   </div>
   <div class='ocr_carea' id='block_1_4' title="bbox 0 0 1658 5106">
    <p class='ocr_par' dir='ltr' id='par_1_4' title="bbox 0 0 1658 5106">
     <span class='ocr_line' id='line_1_36' title="bbox 0 0 1658 5106; baseline 0 0"><span class='ocrx_word' id='word_1_276' title='bbox 0 0 1658 5106; x_wconf 95' lang='lat' dir='ltr'> </span> 
     </span>
    </p>
   </div>
  </div>
 </body>
</html>
