3208 5094
368 425 436 510 584
744 431 902 488 novara
922 429 1141 486 osannam.

367 617 550 680 corporum,
582 594 735 678 proclivis
764 605 822 659 aut
855 594 1005 671 difficilis,
1039 614 1099 678 per
1135 590 1408 674 compositionem,
1435 591 1484 653 siue

366 701 609 784 appositionem
633 698 818 780 simplicem
828 695 863 762 ⁵².
920 697 1055 761 Etenim
1081 716 1218 778 corpora
1241 693 1394 758 nonnulla
1414 693 1483 758 facile

367 813 401 868 et
423 803 564 867 libenter
585 803 841 867 commiscentur
863 811 896 866 et
919 803 1177 882 incorporantur,
1199 799 1265 862 alia
1287 807 1394 862 autem
1413 818 1482 877 aegre

367 916 401 970 et
416 927 585 988 perverse:
616 905 719 970 veluti
737 904 888 989 pulveres
905 904 1021 968 melius
1042 905 1294 986 incorporantur
1311 921 1381 966 cum
1398 903 1482 983 aquis;

367 1009 473 1072 calces
504 1018 538 1072 et
568 1009 701 1087 cineres,
731 1023 807 1073 cum
837 1008 939 1088 oleis;
972 1016 1005 1072 et
1035 1009 1081 1072 sic
1111 1008 1155 1070 de
1183 1005 1354 1070 similibus
1395 1005 1484 1085 Neque

360 1123 497 1192 tantum
513 1121 590 1176 sunt
606 1112 812 1195 colligendae
832 1113 1008 1176 instantiae
1018 1111 1241 1193 propensionis
1260 1120 1321 1173 aut
1342 1109 1484 1171 aversionis

366 1236 539 1298 corporum
570 1237 648 1300 erga
678 1218 857 1295 misturam,
887 1217 945 1280 sed
977 1217 1077 1280 etiam
1109 1214 1336 1279 collocationis
1365 1212 1483 1294 partium,

367 1329 400 1383 et
429 1319 675 1399 distributionis,
707 1330 741 1384 et
770 1321 972 1403 digestionis,
1007 1328 1184 1402 postquam
1221 1317 1394 1381 commista
1424 1317 1483 1388 sint;

366 1423 509 1505 denique
525 1434 558 1488 et
574 1425 879 1506 praedominantiae
894 1433 970 1507 post
986 1425 1157 1486 misturam
1171 1431 1384 1486 transactam.
1540 1483 1541 1502 ,

409 1521 458 1612 (7)
482 1525 641 1609 Superest
652 1526 769 1590 ultimo
782 1527 854 1591 loco
871 1547 914 1590 ex
926 1527 1033 1590 modis
1043 1536 1171 1609 septem
1183 1525 1345 1608 operandi
1360 1524 1483 1606 septimus
1540 1559 1541 1568 .

366 1638 399 1692 et
419 1639 623 1712 postremus:
655 1632 803 1714 operatio
824 1631 948 1696 scilicet
969 1651 1028 1714 per
1049 1628 1342 1695 alternationem53
1368 1638 1397 1690 et
1417 1627 1483 1690 vicis

366 1733 525 1798 situdines
551 1735 697 1816 priorum
723 1755 804 1813 sex;
838 1734 881 1800 de
907 1756 974 1818 quo
999 1742 1179 1815 antequam
1206 1734 1240 1795 in
1268 1730 1410 1815 singulos
1433 1729 1484 1790 illos
1540 1719 1541 1796 ᾗ

365 1836 465 1917 paulo
482 1837 581 1900 altius
596 1839 694 1901 fuerit
711 1839 912 1920 inquisitum,
927 1839 1161 1920 tempestivum
1177 1857 1244 1900 non
1259 1837 1348 1901 soret
1363 1833 1484 1914 exempla
1540 1849 1541 1890 ζ

364 1959 558 2021 proponere.
605 1941 713 2004 Series
728 1950 839 2004 autem
856 1943 925 2006 sive
941 1953 1058 2006 catena
1076 1939 1265 2024 hujusmodi
1282 1940 1482 2014 alternationis

364 2051 462 2124 prout
476 2043 520 2105 ad
536 2043 666 2125 singula
682 2043 799 2108 effecta
814 2045 1059 2109 accommodari
1074 2045 1190 2127 possit,
1200 2065 1250 2109 res
1268 2053 1320 2108 est
1336 2053 1368 2108 et
1382 2043 1482 2126 cognitu
1540 2053 1541 2100 ἲ

365 2146 512 2209 maxime
527 2147 676 2226 difficilis,
692 2156 726 2212 et
740 2149 783 2213 ad
800 2169 901 2232 opera
917 2150 1066 2214 maxime
1079 2149 1196 2212 valida.
1243 2147 1385 2212 Summa
1402 2156 1484 2210 auten

364 2248 490 2312 detinet
517 2260 551 2313 et
576 2261 718 2333 occupat
744 2251 895 2317 homines
922 2253 1129 2336 impatientia
1154 2251 1347 2334 hujusmodi
1372 2261 1431 2315 tarn
1451 2253 1483 2312 'u-

364 2353 556 2434 quisitionis,
565 2375 666 2437 quam
678 2376 837 2438 praxe0s;
861 2377 936 2421 cum
946 2367 1059 2420 tamen
1071 2359 1114 2421 sit
1123 2358 1225 2420 instar
1235 2356 1283 2420 fili
1294 2353 1483 2439 labyrinthi⁵l

364 2457 474 2538 quoad
498 2477 599 2539 opera
626 2457 760 2540 majora.
814 2459 929 2542 Atque
955 2459 1038 2524 haec
1064 2460 1226 2524 sufficiant
1250 2463 1296 2525 ad
1325 2459 1483 2542 exemplum

364 2559 577 2642 Polychresti.

407 2795 499 2859 Inter
519 2797 771 2878 praerogativas
797 2798 1042 2879 instantiarum,
1070 2817 1230 2883 ponemus
1260 2801 1337 2866 loco
1361 2799 1485 2864 vicesimo

363 2899 505 2982 septimo
521 2908 622 2984 atque
637 2899 755 2965 ultimo
769 2902 954 2968 Instantius
967 2905 1122 2986 Magr'cas
1131 2905 1166 2970 ⁵⁵.
1205 2905 1280 2970 Hoc
1295 2906 1423 2970 nomine
1435 2903 1485 2964 illas

362 3004 578 3085 appellamus,
601 3005 634 3068 in
657 3007 778 3089 quibus
801 3009 940 3073 materia
960 3019 1019 3074 aut
1041 3011 1185 3075 efficiens
1206 3013 1317 3076 tenuis
1341 3019 1396 3075 aut
1411 3026 1485 3092 pana

362 3116 421 3184 est,
438 3128 497 3189 pro
513 3109 742 3190 magnitudine
763 3113 872 3194 operis
895 3121 928 3176 et
951 3114 1086 3179 effectus
1105 3116 1160 3197 qui
1179 3116 1348 3198 sequitur3
1376 3115 1448 3178 adeo
1461 3119 1486 3171 ut

363 3209 491 3272 etiamsi
503 3209 623 3282 suerint
634 3213 796 3296 vulgares,
808 3225 921 3280 tamen
934 3217 999 3281 sint
1011 3219 1115 3282 instar
1126 3219 1288 3296 miraculi;
1311 3220 1394 3282 aliae
1406 3217 1485 3300 prino

362 3310 491 3391 intuitu,
503 3311 587 3376 aliae
597 3313 698 3376 etiam
710 3318 869 3382 attentius
882 3319 1130 3403 contemplanti.
1169 3321 1241 3385 Has
1252 3342 1331 3386 vero
1343 3331 1487 3386 naturaei

362 3435 434 3478 sese
449 3415 676 3481 subministrat
692 3439 810 3501 parce;
834 3423 914 3505 quid
930 3443 1008 3487 vero
1028 3424 1156 3489 factura
1171 3427 1213 3489 sit
1229 3427 1300 3490 sinu
1317 3445 1452 3500 excussu,
1464 3431 1487 3483 ei

396 3619 419 3652 ⁶¹
437 3622 513 3676 That
527 3624 556 3691 is,
569 3625 606 3693 by
619 3624 751 3680 chemlcal
766 3628 886 3682 mixture
898 3645 931 3682 or
943 3631 1111 3685 mechanical
1124 3633 1315 3702 composition.

395 3703 418 3736 ⁸⁸
437 3707 530 3760 ‘That
543 3708 573 3775 is,
586 3708 623 3778 by
635 3709 762 3778 bringing
775 3710 852 3765 these
865 3715 906 3766 six
919 3713 1047 3769 different
1058 3715 1187 3770 methods
1204 3723 1235 3770 to
1251 3717 1320 3771 bear
1336 3719 1363 3771 in
1378 3715 1488 3786 judicious

360 3788 443 3842 order
452 3805 488 3843 on
499 3790 567 3843 each
577 3793 693 3860 subject,
703 3794 757 3847 and
767 3811 797 3847 so
807 3795 921 3864 shilting
930 3797 990 3851 that
1000 3801 1085 3853 order
1094 3817 1122 3853 as
1132 3808 1162 3854 to
1172 3801 1270 3868 gather
1280 3802 1405 3856 different
1414 3797 1487 3853 resti&

359 3887 432 3934 —as,
446 3889 471 3927 e.
479 3889 504 3940 g.
517 3875 596 3942 using
609 3876 685 3929 Heat
697 3876 794 3931 before
807 3895 840 3931 or
852 3879 923 3933 after
935 3884 1079 3950 pressura*
1092 3883 1142 3939 &e
1181 3884 1237 3938 Mr.
1252 3883 1387 3938 Kitchin's
1398 3889 1461 3937 note.

395 3951 418 3982 ⁸⁴
437 3954 507 4007 This
529 3959 551 4008 is
572 3957 620 4009 the
641 3958 702 4012 title
725 3958 758 4013 of
776 3976 813 4014 no
835 3963 886 4016 less
907 3963 974 4016 than
997 3965 1077 4018 three
1098 3965 1131 4019 of
1150 3965 1267 4020 Bacon's
1288 3969 1395 4021 smaller
1412 3963 1487 4019 worts

360 4035 443 4171 {geg
453 4037 506 4090 will
519 4039 555 4092 be
567 4038 655 4094 found
667 4043 694 4094 in
708 4042 756 4097 the
767 4046 871 4099 second
884 4048 938 4100 and
950 4048 1026 4102 third
1035 4051 1157 4104 volumes
1167 4051 1200 4104 of
1210 4051 1276 4105 Ellis
1288 4052 1342 4106 and
1355 4047 1488 4121 Spedding's

406 4120 484 4174 ition.

396 4199 418 4232 ⁵⁶
436 4205 530 4259 These
544 4207 713 4262 ‘instances’
726 4227 819 4280 occur,
831 4213 924 4268 where
941 4221 1020 4282 great
1036 4217 1133 4271 effects
1150 4234 1198 4272 are
1214 4219 1355 4287 produced
1371 4220 1488 4287 tymeus

360 4288 520 4356 apparently
533 4289 706 4359 inadequate.
743 4294 838 4350 Bacon
856 4297 947 4366 hoped
965 4299 1035 4366 that,
1048 4315 1077 4353 as
1093 4317 1136 4354 we
1155 4316 1235 4356 come
1252 4309 1283 4356 to
1300 4303 1382 4356 know
1392 4291 1489 4353 moreti

360 4367 493 4436 ‘Forms,'
509 4371 541 4422 of
557 4372 604 4426 the
622 4374 701 4430 inner
718 4381 898 4434 constitution
917 4381 950 4434 oi
965 4382 1068 4450 bodies,
1085 4385 1138 4436 and
1155 4384 1188 4437 oi
1202 4385 1250 4439 the
1268 4386 1356 4439 latent
1372 4391 1487 4454 process&

360 4450 397 4516 by
410 4450 498 4503 which
513 4454 630 4522 changes
647 4459 674 4510 in
692 4461 766 4514 their
783 4465 964 4518 constitution
981 4481 1029 4519 are
1045 4467 1166 4536 brought
1178 4469 1271 4538 about,
1285 4469 1362 4524 these
1374 4471 1488 4523 instance

360 4531 450 4581 would
463 4532 579 4590 become
591 4539 634 4592 sar
645 4555 723 4595 more
735 4559 891 4601 numerous.
