3346 5104
333 417 396 501 258
711 426 868 483 nonan
888 425 1106 486 ohannen.

333 588 555 665 Parmenides,
576 589 774 665 Heraclitus,
799 589 1035 673 Xenophanes,
1060 591 1237 668 Philolaus,
1254 591 1369 676 reliqui
1393 589 1485 678 (narn

332 691 568 776 Pythagoram,
592 703 630 757 ut
653 693 919 777 superstitiosum
928 692 965 770 ⁸⁶,
989 694 1199 780 omittimus),
1225 697 1356 761 scholas
1379 695 1485 782 (quod

332 796 498 884 novimus)
528 818 595 861 non
621 806 838 880 aperuerunt:
870 799 929 861 sed
957 798 1082 880 majore
1106 799 1248 877 silentio,
1272 810 1306 864 et
1332 802 1486 879 severius,

332 910 367 964 et
395 901 585 984 simplicius,
617 902 650 965 id
683 911 742 981 est,
770 901 896 964 minore
927 922 1003 964 cum
1033 901 1246 967 affectatione
1276 913 1311 968 et
1338 915 1485 968 ostenta·

332 1000 431 1078 tione,
458 1002 501 1065 ad
529 1002 775 1084 inquisitionem
803 1001 951 1065 veritatis
977 1022 1014 1065 se
1039 1002 1258 1068 contulerunt.
1305 1002 1424 1085 Itaque
1452 1012 1486 1067 et

332 1104 458 1183 melius,
481 1115 518 1168 ut
540 1105 745 1183 arbitramur,
768 1125 804 1168 se
827 1113 1020 1186 gesserunt5
1047 1105 1107 1168 nisi
1132 1107 1222 1186 quod
1246 1127 1347 1188 opera
1370 1126 1485 1170 eorum

331 1227 352 1270 a
382 1207 557 1273 levioribus
588 1209 667 1286 istis,
699 1209 755 1290 qui
780 1207 907 1290 vulgari
938 1209 1049 1291 captui
1080 1218 1114 1272 et
1145 1209 1278 1274 affectui
1309 1211 1414 1292 magis
1435 1231 1485 1274 re·

332 1312 498 1393 spondent
519 1333 559 1377 ac
577 1313 718 1395 placent,
737 1321 843 1376 tractu
867 1313 1027 1394 temporis
1050 1314 1199 1377 extincta
1222 1313 1310 1379 sint:
1332 1324 1485 1398 tempore

332 1415 383 1503 (ut
398 1417 511 1506 fluvio)
531 1420 652 1483 leviora
668 1429 701 1482 et
722 1419 828 1501 magis
847 1419 961 1482 inflata
981 1419 1024 1482 ad
1044 1439 1104 1482 nos
1125 1418 1317 1500 devehente,
1334 1422 1485 1504 graviora

332 1531 366 1586 et
392 1523 499 1587 solida
527 1532 697 1605 mergente
708 1520 743 1586 ⁸⁷.
789 1523 909 1604 Neque
933 1533 1047 1586 tamen
1078 1524 1132 1586 isti
1156 1545 1177 1587 a
1203 1524 1343 1588 nationis
1367 1521 1484 1588 vitio88

330 1647 463 1710 prorsus
494 1627 657 1690 immunes
687 1635 801 1690 erant:
834 1627 892 1690 sed
925 1627 957 1689 in
991 1627 1208 1692 ambitionem
1239 1638 1273 1692 et
1301 1629 1483 1692 vanitatem

331 1741 442 1795 sectae
457 1732 651 1794 condendae
667 1739 703 1794 et
726 1749 824 1792 aurae
844 1731 1014 1812 popularis
1037 1732 1223 1814 captandae
1245 1733 1383 1796 nimium
1407 1751 1483 1815 pro·

330 1835 529 1919 pendebant.
590 1836 654 1898 Pro
692 1835 866 1916 desperata
902 1844 1014 1898 autem
1055 1835 1211 1900 habenda
1248 1847 1298 1902 est
1335 1837 1483 1901 veritatis

331 1938 508 2019 inquisitio,
534 1960 610 2003 cum
636 1939 679 2002 ad
705 1937 893 2020 hujusmodi
924 1938 1034 2002 inania
1060 1937 1225 2004 deflectat.
1271 1941 1383 2004 Etiam
1416 1959 1484 2003 non

330 2043 552 2106 omittendum
579 2044 710 2106 videtur
738 2042 899 2123 judicium
933 2041 1023 2122 illud,
1048 2044 1118 2107 sive
1141 2045 1333 2108 vaticinium
1364 2045 1482 2127 potius,

329 2146 507 2210 sacerdotis
530 2145 692 2228 Aegyptii
713 2146 756 2208 de
779 2145 913 2210 Graecis
926 2143 973 2205 ⁸⁹:
1001 2146 1097 2225 Quod
1115 2158 1239 2230 semper
1243 2150 1345 2230 pueri
1356 2157 1481 2221 essent,·

328 2269 426 2330 neque
446 2249 599 2313 haberent
622 2251 851 2330 antiquitatem
877 2251 1036 2328 scientiae,
1058 2259 1120 2314 ant
1142 2253 1312 2316 scientiam
1338 2251 1482 2333 antiqni-

331 2355 418 2418 tatis.
464 2353 511 2417 Et
525 2364 613 2418 certe
628 2353 751 2418 habent
767 2355 800 2418 id
818 2354 908 2436 quod
929 2374 1106 2436 puerorum
1124 2365 1196 2434 est;
1220 2365 1256 2420 ut
1274 2357 1317 2419 ad
1338 2356 1482 2438 garrien-

329 2458 410 2521 dum
425 2459 571 2540 prompti
591 2459 664 2536 sint,
680 2479 837 2541 generare
859 2469 972 2522 autem
995 2479 1060 2522 non
1080 2461 1227 2540 possint:
1251 2480 1329 2522 nam
1344 2459 1483 2522 verbosa

327 2563 458 2626 videtur
481 2562 644 2644 sapientia
666 2583 789 2641 eorum,
805 2573 839 2627 et
862 2583 1000 2645 operum
1023 2563 1152 2628 sterilis.
1198 2563 1318 2646 Itaque
1340 2585 1384 2626 ex
1407 2573 1481 2626 ortu

328 2676 362 2730 et
385 2677 486 2748 gente
507 2667 738 2749 philosophiae
760 2688 846 2749 quae
868 2667 902 2730 in
925 2687 985 2752 usu
1009 2677 1068 2747 est,
1084 2687 1170 2750 quae
1192 2668 1367 2749 capiuntur
1388 2667 1483 2748 signa

328 2769 415 2834 bona
432 2792 499 2835 non
515 2781 599 2837 sunt.

831 2857 980 2922 LXXII.
1047 2901 1055 2912 .

371 2980 491 3062 Neque
507 2980 613 3044 multo
633 2981 770 3043 meliora
789 2989 868 3043 sunt
890 2979 985 3060 signa
1009 2998 1096 3060 quae
1119 2999 1162 3041 ex
1184 2989 1300 3043 natura
1323 2981 1482 3062 temporis

329 3092 362 3146 et
378 3086 497 3147 aetatis
513 3085 586 3166 capi
603 3093 752 3167 possunt,
769 3103 870 3166 quarn
887 3103 972 3164 quae
989 3103 1032 3144 ex
1053 3091 1172 3145 natura
1190 3082 1254 3146 loci
1275 3073 1482 3148 etnationis.
1574 3107 1577 3112 ·

327 3184 483 3268 Angusta
509 3189 596 3274 enim
624 3196 693 3250 erat
719 3196 753 3251 et
780 3187 889 3249 tenuis
916 3187 1032 3249 notitia
1058 3206 1117 3268 per
1143 3185 1234 3249 illam
1262 3196 1405 3251 aetatem
1428 3188 1481 3251 vel

326 3291 486 3372 temporis
502 3291 552 3353 vel
569 3289 711 3354 orbis⁹⁰:
736 3291 826 3372 quod
842 3289 940 3370 longe
961 3290 1141 3372 pessimum
1158 3298 1217 3367 est,
1233 3292 1426 3372 praesertim
1443 3292 1482 3355 iis

362 3457 384 3490 ⁸⁶
403 3461 453 3530 Cp.
467 3461 538 3530 Aph.
552 3464 594 3526 ⁶5·

362 3541 384 3574 ’Ἰ
403 3544 473 3598 This
491 3545 514 3597 is
534 3562 549 3598 a
568 3544 640 3612 good
663 3545 786 3598 instance
805 3544 836 3598 of
855 3543 932 3598 False
952 3545 1085 3614 Analogy.
1122 3544 1224 3612 Bacon‚
1244 3561 1272 3598 as
1291 3545 1347 3598 Mr.
1368 3543 1483 3598 Kitchin

326 3627 463 3696 observes,
476 3644 565 3682 seems
583 3629 681 3697 partial
700 3635 730 3682 to
746 3629 801 3681 this
818 3629 970 3697 metaphor.
1009 3629 1035 3681 lt
1054 3644 1151 3682 occurs
1169 3629 1248 3696 again
1267 3629 1366 3682 almost
1384 3630 1482 3682 imme·

326 3712 429 3780 diately
441 3713 469 3765 in
483 3713 553 3781 Aph.
568 3728 610 3778 77,
622 3728 652 3765 as
661 3713 724 3766 .well
739 3727 767 3764 as
780 3713 807 3765 in
820 3712 902 3765 other
913 3712 1012 3778 places.

361 3791 383 3824 ⁸⁸
400 3796 485 3849 ‘Erat
505 3803 598 3849 autem
623 3796 755 3865 sapientia
780 3797 952 3848 Graecorum
978 3793 1151 3864 professoria,
1176 3801 1205 3849 et
1230 3795 1258 3848 in
1284 3793 1483 3864 disputationes

326 3875 430 3932 effusa)

362 3961 383 3994 ⁸⁹
402 3965 453 4016 See
473 3961 562 4029 Plato,
581 3963 721 4030 Timaeus,
735 3980 761 4032 p.
779 3981 810 4016 aa
824 3964 861 4018 b:
886 3963 937 4016 Kal
954 3983 1011 4017 τινα
1030 3962 1110 4018 εἰπεῖν
1127 3965 1178 4016 τῶν
1197 3961 1284 4032 ἱερέων
1302 3960 1368 4032 (one
1386 3961 1419 4014 oi
1433 3961 1482 4016 tbe

326 4045 462 4117 Egyptian
475 4046 587 4118 priests)
600 4045 628 4101 εὖ
640 4049 710 4116 μάλα
722 4049 841 4102 παλαιόν·
855 4042 891 4098 ’n
904 4048 1001 4108 Σόλων,
1011 4047 1108 4112 Σόλων,
1117 4043 1245 4114 Ἓλληνες
1257 4045 1296 4098 ἀεὶ
1308 4045 1399 4100 παῖδές
1411 4045 1482 4112 ἕστε,

325 4129 409 4202 γέρων
422 4128 560 4199 δὲἘλλην
572 4131 617 4185 οὐκ
629 4131 711 4186 ἔστιν.
747 4128 874 4186 Ἀκούσας
887 4128 939 4193 οὖν,
952 4135 1007 4185 πῶς
1018 4127 1046 4184 rt'
1057 4134 1136 4184 τοῦτο
1152 4129 1253 4201 λέγεις;
1281 4130 1371 4200 φάναι.
1419 4130 1481 4184 Νέον

326 4211 398 4280 ε’στέ,
411 4214 499 4276 εἰπεῖν,
512 4215 558 4270 τὰς
570 4215 662 4284 ψυχὰς
673 4215 775 4270 πάντες·
795 4213 915 4281 οὐδεμίαν
926 4215 978 4285 γὰρ
990 4213 1018 4267 ἐν
1036 4214 1123 4269 αὐταῖς
1139 4214 1213 4284 ἔχετε
1230 4211 1263 4267 δι’
1279 4212 1390 4284 ἀρχαίαν
1403 4212 1482 4281 ἀκοὴν

326 4297 439 4350 παλαιὰν
452 4295 531 4364 δόξαν
543 4297 602 4350 οὐδὲ
613 4297 717 4366 ’μάθημα
730 4298 815 4368 χρόνῳ
827 4299 920 4350 πολιὸν
932 4297 1015 4350 οὐδέν.

361 4377 384 4410 ⁹⁰
401 4380 457 4432 We
470 4387 543 4433 must
555 4380 687 4434 recollect
699 4380 762 4434 how
774 4380 879 4449 rapidly
897 4380 945 4433 the
965 4379 1127 4446 knowledge
1145 4379 1178 4434 of
1191 4379 1240 4434 the
1258 4379 1366 4434 suriace
1383 4379 1417 4434 os
1431 4379 1481 4434 the

326 4462 407 4529 globe
425 4462 481 4516 had
502 4462 573 4517 been
592 4465 737 4531 spreading
756 4465 784 4517 ln
805 4463 854 4517 the
875 4464 942 4516 time
963 4463 995 4517 oi
1016 4463 1111 4516 Bacon
1135 4463 1189 4516 and
1208 4463 1268 4517 that
1293 4463 1482 4533 immediately

325 4545 475 4616 preceding
487 4547 553 4602 him.
589 4547 636 4600 To
648 4562 696 4617 say
707 4547 824 4616 nothing
836 4548 869 4601 of
885 4547 984 4601 earlier
995 4547 1179 4616 discoverers3
1202 4547 1305 4616 Drake,
1321 4547 1479 4616 Froblsber,
1498 4567 1507 4610 r
