3308 5106
556 1181 1028 1280 FRANCISCI

473 1407 571 1490 DE
630 1404 1110 1490 VERULAMIO

578 1609 1004 1680 INSTAURATIO

673 1793 903 1860 MAGNA.

636 2190 938 2256 PnnnsnTm.

235 2361 289 2426 De
311 2370 400 2426 statu
422 2362 641 2440 scientiarum,
659 2363 750 2444 quod
773 2381 838 2426 non
860 2362 903 2426 sit
925 2360 1028 2426 foelix
1049 2371 1107 2426 aut
1130 2361 1289 2444 majorem
1310 2363 1343 2425 in

311 2468 448 2531 modum
470 2476 606 2547 auctus3
638 2468 795 2550 quodque
817 2466 882 2530 alia
903 2467 1038 2530 omnino
1058 2487 1159 2548 quarn
1180 2467 1268 2549 prio-

353 2570 443 2634 ribus
466 2571 598 2653 cognita
619 2569 717 2635 suerit
738 2570 791 2634 via
811 2569 991 2652 aperienda
1013 2569 1056 2633 sit
1079 2569 1226 2636 intellec-

408 2673 457 2736 tui
480 2673 634 2752 humano,
652 2685 685 2738 et
708 2674 772 2738 alia
795 2674 1018 2756 comparanda
1039 2673 1172 2752 auxilia,

491 2787 528 2841 ut
550 2797 643 2841 mens
665 2798 725 2841 suo
744 2777 816 2860 jure
838 2777 872 2841 in
895 2797 1003 2841 rerum
1026 2797 1084 2840 na-

631 2890 739 2944 turam
763 2883 810 2946 uti
833 2882 946 2965 possit

253 3067 460 3136 VIDENTUR
486 3068 582 3134 nobis
608 3067 760 3134 homines
789 3090 849 3136 nec
875 3090 957 3153 opes
984 3088 1044 3134 nec
1067 3067 1152 3132 vires
1176 3089 1253 3132 suas
1279 3069 1365 3136 bene

211 3191 327 3251 nosse3
359 3195 472 3238 verum
495 3174 538 3238 de
562 3172 625 3237 illis
648 3172 773 3255 majora
799 3194 899 3258 quam
925 3193 988 3256 par
1013 3181 1071 3250 est,
1093 3173 1137 3236 de
1159 3171 1211 3236 his
1238 3174 1365 3240 minora

210 3275 354 3340 credere.
408 3277 462 3341 Ita
485 3275 531 3354 fit,
554 3283 592 3339 ut
615 3285 674 3339 aut
698 3285 786 3341 artes
810 3284 960 3359 receptas
982 3274 1104 3338 insanis
1127 3276 1240 3359 pretiis
1264 3279 1364 3342 aesti-

211 3387 340 3443 mantes
355 3379 401 3443 nil
419 3379 563 3464 amplius
581 3389 750 3462 quaerant,
765 3389 823 3444 aut
845 3381 970 3464 seipsos
991 3377 1067 3463 plus
1087 3399 1195 3463 aequo
1213 3391 1364 3446 contem·

210 3492 327 3547 nentes
356 3484 440 3549 vires
473 3505 549 3548 suas
576 3485 609 3547 in
640 3483 814 3548 levioribus
844 3493 1050 3563 consumant,
1071 3483 1107 3548 in
1137 3485 1176 3548 iis
1206 3505 1291 3567 quae
1320 3486 1363 3550 ad

209 3606 375 3652 summam
400 3588 445 3651 rei
468 3587 589 3652 iaciant
617 3607 682 3651 non
707 3588 930 3670 experiantur.
987 3586 1100 3671 Quare
1125 3597 1202 3654 sunt
1226 3597 1260 3653 et
1285 3610 1365 3652 suae

209 3690 353 3754 scientiis
376 3692 549 3756 columnae
573 3700 734 3774 tanquam
760 3691 897 3769 fatales3
931 3711 1007 3758 cum
1034 3691 1078 3756 ad
1101 3691 1237 3756 ulterius
1263 3712 1364 3775 pene·

209 3794 365 3858 trandum
387 3794 539 3860 homines
564 3815 625 3859 nec
650 3795 812 3859 desiderio
836 3815 895 3858 nec
918 3815 977 3877 spe
1002 3794 1195 3859 excitentur.
1248 3793 1365 3875 Atque

209 3915 286 3960 cum
301 3897 413 3980 opinio
426 3899 541 3980 copiae
556 3898 643 3961 inter
658 3898 822 3963 maximas
837 3915 952 3962 causas
967 3895 1098 3978 inopiae
1109 3897 1172 3975 sit;
1195 3917 1364 3980 quumque

208 4018 254 4062 ex
275 3998 395 4066 fiducia
415 4001 638 4084 praesentium
657 4021 734 4065 vera
752 3999 877 4065 auxilia
898 3997 1105 4081 negligantur
1123 3999 1155 4061 in
1175 4007 1364 4083 posterum3

209 4122 254 4166 ex
278 4123 338 4167 usu
363 4113 423 4182 est,
450 4114 484 4169 et
509 4103 609 4187 plane
635 4124 679 4167 ex
706 4103 910 4178 necessitate,
934 4110 971 4166 ut
994 4102 1037 4166 ab
1059 4100 1124 4164 illis
1146 4122 1231 4184 quae
1253 4104 1364 4172 adhuc

209 4205 342 4272 inventa
362 4217 439 4274 sunt
462 4209 496 4272 in
519 4209 591 4291 ipso
612 4208 721 4291 operis
745 4207 848 4272 nostri
870 4205 984 4270 limine
1009 4203 1124 4292 (idque
1147 4206 1268 4271 relictis
1293 4228 1364 4272 am·

207 4309 349 4392 bagibus
365 4323 400 4376 et
414 4332 481 4377 non
496 4308 754 4398 dissimulanter)
769 4311 903 4376 honoris
919 4317 953 4375 et
968 4310 1194 4376 admirationis
1209 4331 1364 4378 excessus
1444 4369 1446 4372 .

208 4414 365 4496 tollatur;
399 4416 472 4482 utili
503 4417 638 4495 monito,
663 4437 705 4481 ne
734 4415 886 4479 homines
916 4433 1029 4479 eorum
1059 4423 1117 4478 aut
1145 4415 1276 4498 copiam
1306 4425 1365 4481 aut

210 4518 389 4584 utilitatem
410 4521 444 4584 in
468 4519 575 4605 majus
597 4520 761 4605 accipiant
781 4527 839 4586 aut
861 4518 1036 4586 celebrent.
1082 4519 1170 4583 Nam
1189 4519 1216 4584 si
1236 4519 1309 4603 quis
1331 4519 1364 4584 in
