3308 5106
332 401 393 464 160
777 409 1032 464 PRAEFATIO.

331 573 565 657 implicatione,
577 571 699 656 ingenii
715 571 851 636 humani
868 573 1067 651 infirmitate,
1080 592 1116 636 se
1130 579 1327 636 convertunt
1339 595 1347 650 ;
1370 572 1405 636 in
1419 570 1484 636 hoc

330 677 431 744 nihilo
454 687 568 742 tamen
592 676 816 755 modestiores,
837 697 912 741 cum
937 677 1056 742 malint
1078 696 1289 741 communem
1311 674 1484 740 hominurn

328 791 363 845 et
378 802 485 846 rerum
502 780 725 846 conditionem
741 782 865 845 causari
878 803 982 864 quam
998 782 1042 846 de
1060 780 1175 864 seipsis
1190 779 1348 844 confiteri.
1391 779 1484 863 Quin

327 884 393 948 illis
408 885 471 950 hoc
486 885 553 949 fere
568 884 704 950 solenne
719 895 779 964 est,
791 896 827 949 ut
842 886 1000 970 quicquid
1015 906 1068 950 ars
1082 885 1194 966 aliqua
1209 903 1275 948 non
1290 884 1434 966 attingat
1449 883 1484 948 id

327 988 436 1072 ipsum
458 1011 502 1054 ex
522 991 639 1054 eadem
653 999 727 1054 arte
747 990 951 1073 impossibile
973 1011 1044 1054 esse
1062 997 1219 1054 statuant.
1264 988 1386 1070 Neque
1405 1008 1483 1052 vero

328 1093 478 1158 damnari
493 1103 605 1176 potest
626 1113 687 1171 ars,
703 1114 805 1176 quum
821 1095 893 1177 ipsa
910 1094 1073 1176 disceptet
1086 1101 1122 1156 et
1134 1091 1269 1172 judicet.
1314 1091 1434 1174 Itaque
1449 1091 1483 1155 id

327 1199 443 1280 agitur,
472 1207 508 1262 ut
534 1197 719 1280 ignorantia
743 1198 844 1262 etiam
870 1199 914 1262 ab
943 1197 1124 1281 ignominia
1150 1196 1316 1260 liberetur.
1368 1195 1485 1277 Atque

328 1321 414 1382 quae
429 1301 551 1365 tradita
566 1309 600 1364 et
615 1310 748 1383 recepta
764 1309 840 1365 sunt
861 1302 904 1364 ad
925 1300 1012 1365 hunc
1035 1299 1102 1364 lere
1124 1299 1261 1362 modum
1280 1317 1316 1362 se
1338 1297 1482 1362 habent:

328 1405 439 1486 quoad
450 1425 551 1487 opera
563 1403 693 1482 sterilia,
702 1405 934 1486 quaestionum
950 1405 1047 1486 plena
1060 1429 1068 1481 ;
1087 1402 1297 1467 incrementis
1308 1403 1376 1466 suis
1387 1402 1484 1466 tarda

327 1517 361 1571 et
382 1507 557 1590 languida;
588 1506 821 1590 perlectionem
845 1509 878 1570 in
902 1516 974 1572 toto
994 1505 1192 1583 simulantia,
1213 1505 1272 1568 sed
1290 1525 1350 1588 per
1371 1514 1482 1588 partes

327 1611 414 1676 male
441 1612 598 1694 impleta;
630 1611 759 1675 delectu
787 1620 900 1675 autem
927 1610 1100 1694 popularia
1124 1618 1159 1673 et
1185 1608 1376 1673 authoribus
1402 1608 1481 1692 ipsis

327 1725 488 1798 suspecta,
515 1716 656 1797 ideoque
684 1714 831 1780 artificiis
857 1716 1056 1798 quibusdam
1087 1712 1215 1777 munita
1242 1721 1275 1776 et
1305 1721 1480 1777 ostentata.

328 1817 395 1902 Qui
420 1829 533 1882 autern
556 1827 590 1882 et
614 1818 676 1901 ipsi
703 1819 844 1901 experiri
869 1829 903 1883 et
929 1840 965 1883 se
991 1817 1136 1882 scientiis
1158 1817 1281 1881 addere
1304 1837 1482 1898 uanumque

327 1922 409 1986 fines
426 1922 570 2005 prolerre
589 1931 784 2002 statuerunt,
800 1943 861 1987 nec
880 1923 926 1986 illi
946 1945 967 1987 a
990 1922 1130 2005 receptis
1151 1941 1284 2002 prorsus
1301 1920 1482 1984 desciscere

326 2025 398 2089 ausi
413 2035 499 2104 sunt,
516 2046 575 2090 nec
588 2025 696 2090 sontes
712 2046 819 2090 rerum
835 2037 958 2110 petere.
1002 2026 1128 2090 Verum
1150 2045 1186 2088 se
1207 2043 1365 2106 magnum
1383 2024 1480 2106 quid·

327 2130 405 2193 dam
436 2139 656 2212 consequutos
685 2139 803 2212 putant
832 2131 860 2194 si
888 2130 1012 2214 aliquid
1043 2151 1087 2194 ex
1116 2129 1251 2211 proprio
1274 2129 1420 2192 inserant
1447 2136 1481 2192 et

325 2233 503 2315 adjiciant3
540 2235 720 2318 prudenter
754 2256 865 2299 secum
899 2243 1098 2319 reputantes,
1128 2253 1163 2296 se
1199 2233 1232 2296 in
1267 2232 1480 2298 assentiendo

326 2338 533 2416 modestiam,
548 2338 581 2400 in
597 2337 783 2418 adjiciendo
799 2339 986 2404 libertatem
1007 2338 1090 2404 tueri
1106 2358 1212 2420 posse.
1256 2335 1382 2400 Verum
1397 2336 1479 2400 dum

325 2440 537 2524 'opinionibus
552 2451 586 2505 et
606 2442 751 2507 moribus
766 2444 955 2521 consulitur,
972 2443 1214 2507 mediocritates
1230 2440 1312 2504 istae
1327 2440 1482 2505 laudatae

325 2545 358 2608 in
371 2565 528 2629 magnum
544 2545 754 2611 scientiarum
769 2547 1006 2612 detrimentum
1022 2547 1155 2610 cedunt.
1200 2543 1269 2607 Vix
1281 2544 1369 2608 enim
1381 2545 1480 2609 datur

324 2648 480 2714 authores
489 2649 588 2714 simul
601 2659 635 2715 et
646 2651 800 2715 admirari
812 2661 846 2716 et
858 2671 1021 2735 superare.
1065 2649 1136 2716 Sed
1150 2647 1187 2712 fit
1202 2667 1361 2730 aquarum
1379 2667 1480 2724 more,

324 2773 410 2835 quae
425 2774 491 2818 non
506 2753 604 2819 altius
619 2756 801 2818 ascendunt
815 2775 917 2836 quam
932 2776 976 2818 ex
992 2774 1059 2836 quo
1075 2753 1325 2817 descenderunt.
1360 2751 1479 2834 Itaque

324 2855 513 2937 hujusmodi
531 2856 681 2922 homines
696 2859 876 2922 emendant
894 2859 1053 2923 nonnulla
1067 2857 1126 2922 sed
1141 2876 1258 2940 pamm
1274 2864 1479 2937 promovent,

326 2968 360 3023 et
374 2960 551 3041 proficiunt
566 2961 598 3024 in
616 2961 733 3025 melius
748 2981 815 3025 non
830 2962 864 3025 in
880 2961 995 3043 majus.
1030 2961 1151 3043 Neque
1166 2969 1278 3023 tamen
1294 2958 1477 3036 defuerunt,

324 3063 381 3143 qui
396 3083 477 3126 ausu
494 3061 618 3144 majore
633 3064 745 3127 omnia
760 3063 888 3146 integra
902 3064 963 3128 sibi
979 3063 1155 3140 duxerunt,
1168 3071 1201 3126 et
1217 3061 1337 3144 ingenii
1349 3062 1476 3144 impetu

326 3166 385 3244 usi,
401 3166 509 3247 priora
524 3167 766 3248 prosternendo
787 3177 820 3231 et
841 3167 1042 3232 destruendo
1062 3167 1192 3230 aditum
1212 3165 1327 3230 sibiet
1346 3166 1478 3248 placitis

323 3269 391 3332 suis
405 3267 573 3346 lecerunt3
596 3290 736 3352 quorum
751 3270 895 3336 tumultu
911 3291 978 3336 non
994 3291 1195 3354 magnopere
1206 3269 1391 3352 profectum
1406 3278 1477 3334 est:

323 3393 427 3454 quum
448 3371 693 3455 philosophiam
712 3383 745 3438 et
767 3385 855 3438 artes
878 3395 944 3439 non
962 3396 997 3439 re
1019 3395 1057 3438 ac
1075 3395 1175 3458 opere
1192 3372 1403 3455 amplificare,
1417 3375 1477 3440 sed

324 3474 447 3559 placita
461 3483 591 3540 tantum
604 3487 791 3559 permutare
806 3489 907 3562 atque
919 3500 1056 3563 regnum
1068 3479 1261 3562 opinionum
1276 3478 1309 3540 in
1321 3497 1357 3540 se
1372 3486 1477 3542 trans·

322 3578 407 3643 ferre
432 3580 680 3659 contenderint3
715 3581 839 3663 exiguo
865 3603 945 3647 sane
970 3583 1086 3661 fructu,
1109 3603 1212 3664 quum
1242 3581 1326 3645 inter
1352 3601 1479 3646 errores

322 3683 495 3767 oppositos
517 3685 646 3748 errandi
669 3705 788 3750 causae
810 3687 876 3751 sint
898 3687 966 3750 fere
988 3707 1190 3751 communes.
1236 3684 1273 3750 Si
1291 3685 1347 3768 qui
1363 3693 1478 3750 autem

323 3806 384 3851 nec
399 3786 514 3851 alienis
529 3806 589 3851 nec
610 3787 748 3869 propriis
771 3787 899 3871 placitis
918 3789 1066 3867 obnoxii,
1080 3790 1139 3854 sed
1158 3788 1303 3854 libertati
1320 3788 1479 3867 faventes,

322 3889 369 3954 ita
384 3889 522 3954 animati
539 3889 630 3954 fuere
651 3899 689 3954 ut
708 3890 793 3954 alios
813 3911 926 3954 secum
941 3891 1039 3954 simul
1055 3911 1212 3974 quaerere
1227 3899 1406 3973 cuperent;
1429 3891 1478 3956 illi

322 4013 401 4056 sane
422 3992 543 4057 affectu
565 3992 702 4070 honesti,
722 3994 781 4056 sed
802 4003 921 4057 conatu
942 3993 1075 4057 invalidi
1102 3993 1239 4058 fuerunt.
1286 3993 1479 4058 Probabiles

322 4097 410 4160 enim
432 4104 563 4160 tantum
585 4097 729 4161 rationes
751 4097 855 4161 secuti
876 4097 1038 4176 videntur,
1056 4107 1090 4162 et
1112 4105 1382 4180 argumentorum
1404 4119 1478 4161 ver-

321 4201 424 4284 tigine
439 4199 712 4282 circumaguntur,
728 4210 762 4264 et
778 4199 964 4282 promiscua
978 4203 1157 4282 quaerendi
1173 4203 1305 4268 licentia
1320 4201 1479 4266 severita-

321 4313 390 4366 tem
413 4301 631 4386 inquisitionis
653 4311 857 4368 enervarunt.
902 4304 1012 4369 Nemo
1034 4315 1147 4370 autem
1171 4306 1337 4390 reperitur,
1360 4305 1417 4388 qui
1440 4306 1477 4370 in

321 4405 417 4470 rebus
439 4405 518 4488 ipsis
541 4416 574 4471 et
598 4407 803 4488 experientia
827 4427 955 4471 moram
981 4407 1094 4473 lecerit
1118 4409 1312 4494 legitimam.
1356 4409 1478 4492 Atque

320 4507 467 4572 nonnulli
491 4529 599 4573 rursus
621 4511 677 4595 qui
702 4510 926 4596 experientiae
953 4513 1049 4578 undis
1074 4535 1110 4578 se
1133 4515 1328 4582 commisere
1349 4523 1383 4580 et
1405 4512 1477 4579 fere
