3220 5102
617 453 698 511 ΜΒ.
721 452 766 509 11.
789 442 842 524 48.
1243 457 1306 531 557

153 620 217 687 ista
242 642 405 707 apparens
431 629 585 686 causatur
610 629 668 686 aut
697 641 757 703 per
778 617 1018 701 aequilibrium,
1042 628 1100 682 aut
1125 639 1185 701 per
1210 620 1307 684 abso·

152 726 256 790 lutam
279 725 600 809 praedominuutium
631 733 791 788 motuum.
841 723 904 786 Per
935 723 1174 806 aequilibrium,
1206 733 1243 788 ut
1272 725 1306 788 in

152 830 342 910 bilancibus,
372 850 457 913 quae
482 837 572 893 stant
598 827 625 892 si
651 849 758 910 aequa
788 828 853 892 sint
883 827 1039 911 pondera.
1084 828 1147 892 Per
1168 828 1307 911 praedu-

154 934 359 1012 minautiam,
389 942 426 997 ut
457 933 490 997 in
520 933 646 1015 hydriis
676 931 857 1015 perforatis,
887 932 943 996 nbi
974 933 1112 1016 quiescit
1149 954 1236 1016 aqua
1273 943 1306 998 et

155 1038 321 1101 detinetur
350 1058 371 1101 a
404 1035 569 1114 decasuffl,
602 1057 661 1118 per
692 1035 1015 1118 praedominantiam
1053 1047 1163 1102 motus
1200 1059 1307 1103 nexus.
1384 1120 1387 1128 Ι

156 1141 352 1204 Notandum
374 1149 487 1205 tamen
510 1150 561 1204 est
583 1138 636 1223 (nt
654 1137 814 1226 diximus)
839 1149 1001 1222 quatenus
1027 1141 1174 1206 nitantur
1197 1153 1307 1206 motus

156 1245 203 1308 illi
233 1245 493 1309 succumbentes.
551 1244 685 1308 Etenim
716 1245 743 1306 si
774 1245 848 1326 quis
878 1265 937 1326 per
966 1243 1090 1308 luctam
1120 1247 1309 1310 detineatur

157 1357 314 1412 extensus
331 1349 362 1410 in
378 1357 474 1428 terra,
491 1348 632 1413 brachiis
648 1356 681 1411 et
702 1347 791 1411 tibiis
811 1348 937 1426 vinctis,
953 1356 1011 1412 aut
1030 1348 1125 1412 aliter
1144 1350 1309 1430 detentis;
1409 1363 1411 1368 “

156 1462 257 1535 atque
287 1452 342 1515 ille
371 1463 484 1517 tamen
516 1453 596 1517 totis
625 1452 748 1521 viribus
778 1472 947 1533 resurgere
978 1452 1120 1532 nitatur;
1161 1474 1228 1517 non
1258 1465 1308 1520 est

157 1558 264 1620 minor
278 1558 386 1636 nixus,
401 1557 478 1622 licet
494 1577 560 1621 non
583 1556 732 1640 proficiat
742 1555 778 1621 ⁶⁹.
826 1555 937 1639 Hujus
960 1564 1072 1620 autem
1097 1557 1142 1620 rei
1165 1559 1310 1623 conditio

156 1655 295 1747 (scilicet
310 1671 420 1725 utrum
436 1682 496 1743 per
509 1659 832 1744 praedomiuautiam
853 1669 963 1724 motus
984 1661 1200 1724 succumbens
1217 1663 1310 1744 quasi

156 1765 363 1845 annihiletur,
375 1787 417 1829 an
431 1767 541 1849 potins
552 1765 763 1830 continuetur
774 1765 881 1844 nixus,
893 1764 972 1829 licet
988 1785 1053 1828 non
1069 1763 1310 1851 conspiciatur),

157 1891 243 1953 quae
263 1869 345 1935 latet
368 1871 401 1933 in
425 1869 639 1946 conflictibus,
656 1869 829 1952 apparebit
851 1868 991 1933 fortasse
1014 1869 1046 1932 in
1070 1871 1312 1936 concurrentiis.

159 1973 318 2057 Exempli
340 1975 467 2057 gratia;
498 1975 556 2039 fiat
580 1975 845 2056 experimentum
863 1973 896 2036 in
915 1971 1079 2056 sclopetis,
1099 1983 1210 2038 utrum
1228 1973 1312 2038 sclo-

159 2088 264 2161 petus,
290 2100 350 2161 pro
375 2087 470 2144 tanto
494 2080 603 2162 spatio
629 2100 694 2161 quo
722 2079 853 2142 emittat
880 2079 981 2160 pilam
1006 2078 1039 2141 in
1065 2078 1151 2142 linea
1177 2081 1313 2158 directa,

159 2183 227 2245 sive
250 2179 301 2265 (ut
323 2181 423 2265 vulgo
446 2179 637 2267 loquuntur)
660 2183 693 2244 in
716 2191 840 2264 puncto
863 2182 992 2259 blanco,
1015 2182 1209 2246 debiliorem
1233 2183 1311 2250 edat

160 2285 405 2369 percussionem
443 2286 637 2369 ejaculando
675 2286 708 2348 in
744 2305 852 2367 supra,
890 2286 945 2349 ubi
985 2286 1097 2351 Motus
1137 2288 1225 2352 lctus
1261 2300 1313 2353 est

160 2391 312 2473 simplex,
336 2411 436 2474 quam
457 2391 607 2473 desuper,
630 2388 686 2454 ubi
711 2389 825 2453 Motus
849 2387 1030 2453 Gravitatis
1052 2393 1216 2455 concurrit
1238 2413 1313 2457 curn

162 2496 234 2559 Ictu
244 2493 282 2559 ⁷⁰.

161 2653 236 2716 parts
248 2647 281 2701 of
290 2647 337 2702 the
350 2647 439 2700 earth.
476 2646 540 2700 The
553 2646 727 2715 equilibrium
743 2646 776 2699 oi
790 2645 1002 2715 entire'bodies,
1015 2647 1050 2700 he
1063 2662 1200 2716 supposes,
1213 2645 1235 2700 is
1248 2648 1313 2717 only

161 2737 301 2800 apparent,
313 2731 401 2797 while,
414 2735 540 2797 amongst
553 2729 600 2782 the
612 2729 738 2782 ultimate
750 2729 878 2797 particles
890 2730 923 2784 of
933 2729 1037 2797 bodies,
1051 2731 1130 2784 there
1144 2731 1165 2784 is
1177 2747 1194 2784 a
1206 2731 1313 2785 motion

162 2815 316 2883 constantly
328 2815 410 2881 going
421 2830 519 2880 on,-a
531 2813 635 2867 ‘latens
648 2813 808 2882 processus,'
821 2829 837 2866 a
850 2814 932 2867 ‘latio
945 2827 994 2882 per
1007 2815 1136 2869 minima!

198 2897 268 2951 This
286 2897 355 2965 idea,
375 2897 386 2951 1
407 2897 478 2951 need
496 2897 592 2966 hardly
610 2913 665 2966 say,
685 2897 706 2949 is
728 2899 755 2949 in
777 2897 947 2951 accordance
966 2898 1033 2951 with
1051 2898 1099 2951 the
1117 2899 1198 2953 views
1217 2897 1250 2952 oi
1267 2898 1316 2954 the

162 2987 234 3036 most
247 2987 343 3035 recent
355 2981 507 3052 physicists,
519 2981 582 3035 who
595 2980 692 3048 regard
709 2981 757 3035 the
774 2981 880 3034 minute
897 2981 1045 3035 molecules
1062 2981 1093 3034 oi
1108 2982 1196 3036 whlch
1214 2989 1317 3037 matter
1350 2981 1354 2990 '

162 3067 185 3119 is
203 3083 236 3119 or
253 3082 316 3135 may
334 3066 369 3119 be
387 3063 523 3135 supposed
541 3071 571 3118 to
592 3063 627 3118 be
648 3061 798 3133 composed
817 3081 846 3118 as
865 3063 948 3132 being
966 3065 993 3118 in
1012 3081 1027 3119 a
1045 3071 1173 3120 constant
1195 3073 1266 3121 state
1287 3068 1320 3125 oi

164 3151 278 3204 motion.
317 3151 376 3217 See,
389 3149 433 3203 for
450 3150 580 3215 instance,
595 3147 736 3218 Tyndall’s
755 3149 830 3201 Heat
846 3165 862 3202 a
879 3147 966 3201 Mode
982 3148 1016 3202 of
1029 3148 1150 3217 Motion,
1163 3150 1207 3204 ch.
1223 3169 1235 3217 3
1249 3150 1316 3205 with

162 3232 210 3288 the
229 3233 381 3302 Appendix.
418 3232 460 3287 M.
478 3232 598 3286 Bouillet
616 3234 706 3302 points
724 3238 772 3286 out
791 3232 839 3286 the
857 3232 1034 3287 coincidence
1052 3233 1179 3288 between
1200 3234 1316 3290 Bacon’s

163 3318 274 3387 opinion
296 3318 350 3372 and
375 3318 434 3372 that
453 3316 486 3371 oi
506 3317 644 3384 Leibnitz,
664 3334 693 3370 as
714 3317 816 3384 shewn,
841 3309 1072 3385 amongst'other
1096 3319 1194 3387 places,
1217 3320 1244 3373 in
1267 3321 1315 3374 the

162 3401 302 3470 following
312 3418 439 3471 passage:
459 3401 513 3453 ‘Et
528 3400 598 3454 hanc
618 3401 714 3468 agendi
731 3401 861 3454 virtutem
878 3403 954 3455 omni
972 3402 1139 3457 substantiae
1156 3404 1243 3457 inesse
1262 3406 1315 3472 aio,

163 3503 326 3556 semperque
339 3487 456 3556 aliquam
472 3501 506 3538 ex
523 3501 558 3540 eo
574 3485 710 3538 actionem
726 3485 816 3553 nasci;
835 3485 961 3555 adeoque
973 3502 1025 3539 nec
1038 3487 1123 3554 ipsam
1136 3486 1315 3542 substantiam

163 3587 325 3638 corpoream
340 3569 406 3640 (non
419 3569 503 3636 magis
515 3585 597 3639 quam
609 3568 788 3639 spiritualem)
803 3569 837 3622 ab
850 3570 955 3635 agendo
968 3585 1073 3623 cessare
1085 3586 1205 3638 unquam
1216 3585 1223 3637 ;
1243 3572 1318 3640 qnod

165 3654 202 3707 illi
216 3669 270 3706 non
284 3653 349 3705 satis
361 3655 515 3723 percepisse
532 3653 668 3719 videntur,
681 3654 728 3722 qni
745 3653 891 3706 essentiam
907 3652 967 3720 ejus
984 3652 1011 3705 in
1023 3651 1081 3704 sola
1093 3652 1262 3720 extensione,
1276 3654 1318 3706 vel

164 3737 248 3790 etiam
261 3735 519 3804 impenetrabilitate
536 3736 748 3802 collocaverunt,
761 3743 791 3790 et
806 3752 905 3804 corpus
922 3735 1081 3791 omnimode
1094 3735 1238 3802 quiescens
1249 3752 1317 3790 con·

164 3820 257 3889 cipere
275 3819 326 3874 sibi
344 3827 408 3873 sunt
425 3819 492 3872 visi!
528 3819 573 3870 De
592 3818 700 3871 Primae
720 3819 910 3887 Philosophiae
928 3819 1136 3888 Emendatione,
1157 3821 1228 3872 Acta
1245 3819 1317 3874 Eru-

139 3894 144 3904 ’
164 3902 296 3971 ditorum,
312 3907 387 3968 1694.
419 3901 470 3952 Ed.
485 3899 636 3965 Erdmann,
649 3916 676 3968 p.
692 3919 751 3954 122.

200 3985 222 4018 ⁸³
240 3987 273 4040 in
287 3987 399 4038 ‘Motus
412 3982 569 4050 Secundus,'
583 3981 618 4035 be
631 3982 697 4035 adds
709 3983 757 4036 the
771 3984 921 4052 important
934 3985 1023 4040 words
1035 3987 1101 4040 ‘nisi
1113 4003 1144 4041 os
1156 3988 1269 4059 hydriae
1282 3987 1318 4042 ad

167 4069 371 4125 immittendum
384 4082 478 4120 aerem
494 4065 651 4134 aperiatur!
689 4063 782 4118 These
799 4065 980 4135 phenomena,
993 4067 1071 4122 when
1088 4086 1158 4124 once
1175 4072 1318 4141 observed,

165 4154 252 4221 ought
263 4159 293 4206 to
305 4152 372 4204 bave
385 4150 430 4204 led
441 4155 473 4203 to
486 4150 533 4202 the
546 4149 688 4219 discovery
700 4148 733 4202 os
742 4149 790 4202 the
802 4164 928 4218 pressure
941 4148 973 4202 of
982 4148 1029 4203 the
1041 4151 1224 4220 atmosphere.

201 4236 222 4267 θ’
240 4236 310 4289 This
322 4234 352 4301 is,
364 4234 397 4287 oi
406 4249 512 4300 course,
525 4239 596 4288 true.
633 4235 658 4287 A
671 4249 752 4287 cause
765 4233 863 4303 always
876 4238 1002 4302 operates
1014 4239 1044 4286 to
1057 4234 1104 4288 the
1117 4235 1163 4288 iuli
1177 4243 1274 4290 extent
1287 4238 1320 4292 of
1428 4287 1437 4302 ,

165 4321 201 4374 its
213 4318 361 4386 efficiency,
373 4316 478 4384 though
494 4317 529 4371 its
545 4316 640 4371 effects
656 4333 718 4386 may
730 4323 780 4370 not
796 4317 832 4369 be
847 4322 986 4384 apparent,
1004 4317 1095 4383 owing
1111 4323 1141 4371 to
1157 4318 1206 4372 the
1222 4321 1315 4375 action

166 4401 199 4456 oi
214 4402 294 4455 other
310 4416 412 4468 causes,
424 4399 549 4454 whether
564 4401 730 4468 concuning
746 4416 779 4453 or
795 4400 1010 4467 counteracting.
1047 4399 1194 4468 Thougha
1210 4404 1317 4473 truism,

167 4485 249 4540 when
261 4498 332 4538 once
344 4483 443 4552 stated,
456 4485 510 4539 this
521 4485 724 4539 consideration
737 4484 760 4538 is
772 4483 851 4538 osten
863 4483 916 4537 lost
927 4483 999 4550 sight
1011 4481 1049 4538 oi.

204 4564 227 4600 ²⁰
245 4565 316 4622 This
331 4583 441 4638 passage
457 4569 480 4623 is
496 4585 562 4640 very
574 4569 692 4640 carious,
704 4585 734 4624 as
750 4567 872 4637 shewing
886 4566 948 4622 that
960 4567 1054 4623 Bacon
1066 4565 1120 4622 had
1133 4583 1170 4622 no
1182 4570 1318 4640 suspicion
