3324 5108
622 444 951 508 JNTRODUCTJON.
1324 451 1363 526 73

210 617 310 691 lenter,
338 615 534 698 philosophus
562 618 723 696 appellatur
731 617 769 678 ⁰¹!
821 619 871 680 On
903 619 952 679 the
980 617 1064 680 other
1091 619 1179 694 hand,
1208 618 1291 680 while
1319 638 1364 678 re-

212 718 423 794 commending
443 718 492 777 the
514 719 600 795 study
620 718 656 778 of
676 720 814 779 Aristotle
833 718 929 779 rather
950 719 1019 779 than
1040 720 1190 792 Boethius
1212 721 1250 780 he
1274 720 1364 779 adds:

212 816 295 878 ‘Nec
323 826 423 876 tamen
450 816 637 876 Aristotelem
666 819 775 896 ubique
803 819 890 896 plane
926 827 976 877 aut
1010 819 1144 892 sensisse,
1173 830 1223 879 aut
1257 818 1364 876 dixisse

210 925 365 993 protestor,
387 926 419 974 ut
440 925 657 976 sacrosanctum
679 918 724 988 sit,
747 916 889 994 quidquid
911 917 1033 993 scripsit.
1075 917 1154 976 Nam
1175 919 1206 976 in
1226 917 1363 994 pluribus,

212 1015 362 1074 obtinente
383 1015 494 1073 ratione
514 1024 543 1074 et
565 1016 734 1075 auctoritate
755 1016 831 1088 fidei,
854 1017 1035 1076 convincitur
1057 1035 1186 1076 errasse:
1219 1015 1363 1092 siquidem

212 1131 274 1173 non
299 1113 391 1172 modo
412 1113 574 1174 studiosum
595 1114 761 1193 quemlibet,
788 1113 839 1174 sed
867 1124 897 1174 et
923 1113 1021 1174 Deum
1046 1117 1142 1192 ipsum
1164 1133 1253 1193 prava
1276 1131 1364 1191 posse

212 1212 394 1272 committere
415 1213 525 1273 asserit.
548 1210 563 1244 *
586 1211 601 1247 *¹
623 1213 638 1246 *
660 1214 675 1247 *
697 1212 712 1246 *
734 1212 749 1246 *
772 1213 845 1273 Sunt
874 1223 902 1273 et
926 1215 1008 1272 multi
1033 1233 1143 1274 encres
1169 1215 1240 1290 ejus
1263 1213 1312 1290 qui
1333 1213 1364 1270 in

212 1310 360 1386 scripturis
386 1319 444 1369 tam
470 1311 591 1372 ethnicis
616 1331 705 1390 quam
728 1311 862 1371 fidelibus
887 1321 1023 1389 poterunt
1046 1313 1182 1385 inveniri3
1212 1329 1312 1370 verum
1333 1311 1363 1369 in

212 1409 309 1486 logica
322 1426 423 1484 parem
437 1408 574 1468 habuisse
589 1427 650 1468 non
665 1411 779 1487 legitur.
822 1408 911 1469 Unde
934 1411 975 1470 sic
997 1410 1184 1486 accipiendus
1205 1419 1257 1481 est,
1273 1419 1304 1469 ut
1325 1409 1363 1468 ad
1406 1435 1411 1442 ·

213 1506 433 1582 promovendos
451 1508 573 1584 juvenes
594 1508 632 1567 ad
653 1509 793 1585 gravioris
818 1508 1022 1586 philosophiae
1044 1509 1173 1568 instituta
1193 1507 1297 1568 doctor
1319 1507 1362 1579 sit,

212 1623 275 1664 non
296 1623 420 1678 morum,
443 1606 495 1665 sed
516 1607 759 1684 disceptationum
768 1607 807 1666 ⁶³!

255 1703 291 1762 In
312 1704 361 1762 the
383 1713 453 1762 next
474 1714 601 1782 century,
624 1705 724 1782 Roger
744 1705 847 1766 Bacon
868 1705 909 1784 (b.
935 1723 1022 1778 1214,
1043 1706 1071 1765 d.
1096 1723 1171 1780 1292
1195 1723 1229 1764 or
1245 1700 1276 1780 4)
1297 1721 1365 1764 uses

213 1783 359 1879 language
384 1802 419 1861 ol
444 1821 462 1862 a
486 1805 594 1863 similar
617 1815 748 1883 purport,
773 1805 904 1882 shevving
932 1815 961 1864 at
989 1823 1065 1864 once
1094 1822 1111 1862 a
1136 1803 1365 1879 discriminating

213 1911 328 1978 respect
356 1900 401 1961 lor
430 1900 477 1960 the
505 1901 650 1979 authority
677 1902 713 1962 of
737 1903 883 1974 Aristode,
915 1921 933 1961 a
961 1903 1186 1962 consciousness
1213 1902 1275 1960 that
1310 1902 1366 1960 this

215 1999 359 2076 authority
374 2017 432 2058 was
453 1999 538 2060 liable
560 2011 591 2060 to
612 2003 650 2062 be
671 2002 805 2073 strained,
821 2001 880 2060 and
900 2019 919 2060 a
940 2001 1161 2060 determination
1176 2009 1207 2058 to
1222 2000 1308 2059 claim
1322 2000 1368 2059 lor

214 2097 336 2157 himself
354 2097 414 2156 and
436 2097 482 2157 his
505 2101 752 2176 contemporaries
771 2101 819 2160 the
839 2100 940 2177 liberty
965 2099 1000 2158 ol
1017 2100 1138 2178 enquiry
1159 2101 1226 2170 and,
1250 2099 1275 2157 ii
1292 2099 1369 2158 need

215 2215 299 2268 were,
314 2214 386 2255 even
402 2194 437 2254 of
447 2197 565 2256 dissent.
601 2197 697 2258 ‘Nam
712 2198 748 2258 de
763 2199 883 2258 famosis
898 2197 1090 2276 philosophus
1104 2199 1183 2258 solus
1197 2198 1367 2258 Aristoteles

216 2312 284 2355 cum
299 2313 351 2354 sua
365 2293 475 2352 familia
490 2305 609 2354 vocatus
625 2304 670 2355 est
687 2295 797 2372 judicio
812 2295 945 2356 omnium
961 2297 1134 2373 sapientum,
1149 2295 1289 2373 quoniam
1304 2297 1368 2373 ipse

217 2410 322 2453 omnes
343 2403 440 2469 partes
462 2392 663 2470 philosophiae
679 2393 800 2470 digessit
821 2395 984 2454 secundum
999 2395 1222 2471 possibilitatem
1236 2396 1281 2455 sui
1296 2405 1367 2454 tem·

216 2491 304 2568 poris,
320 2491 372 2550 sed
393 2500 491 2550 tamen
516 2491 554 2550 ad
575 2491 664 2551 finem
686 2493 845 2569 sapientiae
866 2509 929 2550 non
950 2492 1087 2567 pervenit,
1103 2492 1178 2550 sicut
1192 2493 1260 2550 satis
1275 2493 1368 2551 mani-

218 2589 368 2648 lestabitur
402 2588 569 2649 inserius⁰¹.'
626 2589 702 2650 ‘Hic
738 2590 817 2649 enim
852 2589 1089 2666 praecedentium
1124 2589 1367 2666 philosophorum

218 2706 329 2747 errores
357 2689 511 2760 evacuavit,
541 2697 570 2747 et
597 2688 794 2766 augmentavit
822 2687 1049 2765 philosophiam,
1078 2689 1209 2764 aspirans
1238 2689 1276 2747 ad
1304 2689 1368 2765 ejus

217 2786 475 2863 complementum,
501 2789 582 2864 quod
611 2787 762 2847 habuerint
790 2787 900 2864 antiqui
929 2786 1117 2864 patriarchae,
1146 2787 1278 2862 quamvis
1307 2804 1368 2846 non

216 2887 311 2962 potuit
331 2885 445 2961 singula
466 2887 612 2962 perficere.
655 2886 735 2947 Nam
760 2888 936 2963 posteriores
959 2886 1056 2963 ipsum
1081 2885 1112 2944 in
1136 2886 1280 2962 aliquibus
1303 2905 1368 2946 cor·

216 2994 362 3056 rexerunt,
377 2993 407 3043 et
427 2985 518 3044 multa
532 2986 570 3045 ad
584 2987 647 3064 ejus
662 3005 753 3064 opera
767 2986 947 3058 addiderunt,
962 2995 991 3044 et
1008 2984 1103 3045 adhuc
1118 2984 1261 3044 addentur
1274 3004 1368 3062 usque

218 3083 255 3142 ad
271 3083 359 3141 finem
373 3083 492 3158 mundi;
514 3086 582 3161 quia
596 3084 667 3144 nihil
689 3097 732 3145 est
753 3084 914 3162 perlectum
935 3085 964 3142 in
986 3083 1121 3143 humanis
1142 3085 1367 3156 inventionibus,

218 3195 250 3239 ut
264 3182 294 3240 in
308 3182 452 3258 prioribus
467 3193 510 3242 est
524 3185 698 3261 expositum.
728 3184 818 3244 Hunc
833 3195 935 3243 natura
949 3184 1080 3255 firmavit,
1095 3193 1127 3242 ut
1141 3183 1210 3242 dicit
1224 3183 1368 3244 Averroes

218 3280 249 3337 in
272 3289 305 3354 3⁰
325 3280 362 3339 de
383 3279 500 3353 Anima,
522 3290 554 3340 ut
578 3283 710 3341 ultimam
734 3283 943 3360 perlectionem
965 3281 1092 3341 hominis
1117 3281 1264 3340 inveniret.
1308 3280 1368 3342 Hic

218 3379 352 3436 omnium
366 3376 609 3454 philosophorum
629 3397 805 3456 magnorum
820 3379 988 3438 testimonio
1003 3379 1161 3456 praefertur
1177 3378 1367 3457 philosophis,

219 3485 248 3534 et
261 3474 464 3552 philosophiae
486 3477 689 3536 ascribendum
704 3486 748 3536 est
769 3476 799 3534 id
821 3477 901 3553 quod
922 3478 984 3554 ipse
1006 3478 1173 3550 affirmavit,
1195 3479 1274 3537 unde
1289 3496 1369 3538 nunc

218 3573 358 3649 temporis
383 3573 599 3634 autonomatiee
628 3574 823 3650 Philosophus
851 3575 1023 3648 nominatur,
1048 3575 1079 3634 in
1107 3576 1276 3636 auctoritate
1304 3576 1369 3652 phi·

218 3669 377 3747 losophiae,
402 3672 477 3730 sicut
503 3669 610 3731 Paulus
634 3673 664 3731 in
690 3673 822 3732 doctrina
849 3673 1009 3749 sapientiae
1037 3692 1136 3732 sacrae
1145 3674 1185 3733 ⁶⁵!
1229 3673 1283 3732 ‘Et
1307 3692 1370 3733 non

218 3767 307 3827 credo
322 3769 402 3846 quod
416 3769 586 3829 Aristoteles
608 3770 673 3850 plus
695 3772 776 3830 scivit
797 3788 885 3849 quarn
908 3771 1002 3829 sciunt
1017 3771 1104 3848 aliqui
1124 3773 1270 3848 sapientes
1284 3771 1371 3831 simul

220 3867 397 3943 congregati.
441 3866 512 3925 Non
534 3867 601 3927 dico
623 3871 694 3946 quin
716 3870 797 3929 scivit
817 3869 901 3945 plura
915 3869 1045 3944 quolibet
1059 3887 1111 3945 per
1132 3889 1171 3941 se,
1187 3869 1239 3929 sed
1260 3869 1371 3946 aliquot

218 3963 303 4022 simul
321 3965 415 4041 juncti
435 3965 519 4041 plura
540 3965 668 4028 iacerent
689 3986 777 4045 quarn
798 3968 861 4043 ipse
883 3965 958 4037 fecit,
979 3967 1005 4028 si
1030 3984 1174 4043 expensas
1196 3967 1370 4028 sufficientes

250 4169 271 4200 ⁸²
287 4169 463 4236 Metslogicur,
479 4171 523 4226 lib.
541 4173 567 4223 ii.
584 4189 638 4240 cap.
653 4174 690 4225 16.
724 4177 771 4240 Cp.
784 4175 960 4239 Polycraticus,
978 4175 1023 4225 lib.
1034 4175 1075 4224 vii.
1092 4190 1147 4240 cap.
1162 4173 1192 4224 6:
1209 4175 1294 4225 ‘Sicut
1305 4175 1370 4226 enim

219 4251 279 4302 urbs
291 4251 406 4305 Romam.
420 4250 550 4302 Maronem
564 4259 639 4320 poeta
651 4253 774 4321 exprimit,
786 4253 858 4305 sicet
870 4253 1013 4322 philosophi
1026 4269 1116 4304 nomeu
1134 4253 1200 4306 circa
1212 4253 1372 4307 Aristotelem

219 4329 341 4380 utentium
352 4328 446 4394 placito
458 4337 612 4384 contractum
624 4328 676 4380 est.’

253 4405 273 4437 ⁸⁸
290 4405 466 4470 metalogicus,
479 4406 522 4456 lib.
534 4407 566 4459 iv.
578 4425 633 4476 cap.
647 4419 685 4472 ²7·

252 4482 272 4512 ‘⁴
288 4483 360 4549 Opus
372 4483 462 4547 Maius,
476 4501 532 4550 purs
543 4486 627 4552 imp.
640 4501 654 4550 3
667 4485 725 4550 (Ed.
737 4488 810 4553 Jebb‚
822 4504 846 4554 p.
857 4488 894 4554 6).

250 4559 270 4594 ⁶⁵
287 4560 324 4614 td.
335 4577 394 4633 pars
405 4560 430 4614 ii.
443 4563 521 4632 cap.8
534 4563 593 4632 (Ed.
604 4565 677 4634 Jebb‚
689 4580 715 4634 p.
728 4563 780 4632 36).
