3324 5110
604 459 685 520 ΠΒ.
708 461 734 521 I.
761 471 940 520 110—112.
1286 477 1348 544 309

195 617 419 685 doctrinarum
451 624 725 706 propagationem
762 633 896 690 tantum'
924 621 1017 712 facit)
1047 645 1107 709 per
1138 633 1189 692 tot
1219 629 1350 692 saecula

196 735 368 789 caruerunt
380 723 414 786 ¹⁷.

241 825 334 892 Solet
349 838 461 892 autem
478 851 571 894 mens
586 830 739 911 humana,
758 832 791 894 in
806 832 869 896 hoc
887 833 1084 897 inventionis
1100 834 1265 911 curriculo,
1280 842 1350 897 tam

196 931 292 994 laeva
314 953 550 1016 saepenumero
574 944 608 999 et
631 937 717 999 male
740 937 924 1018 composita
943 957 1023 1013 esse,
1040 948 1076 1002 ut
1092 939 1199 1020 primo
1216 938 1352 1014 diffidat,

198 1045 232 1098 et
254 1036 354 1118 paulo
372 1047 447 1118 post
466 1058 501 1101 se
519 1049 732 1118 contemnat3
759 1049 859 1122 atque
877 1041 984 1122 primo
1003 1042 1193 1106 incredibile
1213 1043 1242 1106 ei
1260 1043 1351 1106 vide-

196 1148 271 1202 atur
296 1140 419 1223 aliquid
446 1142 514 1207 tale
540 1143 674 1207 inveniri
700 1162 806 1226 posse,
833 1155 1010 1226 postquam
1040 1155 1151 1208 autem
1182 1147 1351 1209 inventum

198 1244 250 1317 sit,
285 1244 474 1310 incredibile
507 1268 615 1310 rursus
648 1249 799 1312 videatur
832 1249 863 1311 id
897 1248 1048 1312 homines
1081 1250 1207 1312 tamdiu
1240 1249 1353 1332 fugere

198 1347 355 1429 potuisse.
400 1349 516 1433 Atque
536 1351 600 1416 hoc
621 1352 728 1434 ipsum
752 1352 794 1414 ad
814 1372 908 1433 spem
925 1354 986 1415 rite
1002 1352 1161 1431 trahitur;
1184 1373 1353 1434 superesse

199 1450 351 1514 nimirum
367 1453 475 1517 adhuc
492 1476 648 1538 magnum
669 1455 877 1518 inventorum
898 1456 1074 1534 cumulum,
1090 1456 1145 1538 qui
1164 1469 1230 1518 non
1245 1455 1353 1518 solum

199 1575 244 1616 ex
267 1556 514 1636 operationibus
537 1560 710 1642 incognitis
733 1559 894 1636 eruendis
916 1561 974 1623 sed
998 1568 1031 1623 et
1054 1581 1098 1622 ex
1118 1558 1189 1640 jam
1212 1560 1353 1642 cognitis

198 1657 431 1723 transferendis
457 1669 490 1724 et
517 1663 761 1743 componendis¹
778 1671 811 1724 et
834 1661 1048 1744 applicandis,
1072 1683 1131 1744 per
1153 1683 1226 1726 eam
1250 1683 1350 1744 quarn

200 1761 347 1825 diximus
363 1763 614 1845 Experientiam
631 1765 817 1872 Literatam
827 1766 861 1844 ¹⁸,
877 1767 993 1831 deduci
1011 1767 1125 1850 possit.

732 1955 826 2020 CXI.

246 2081 365 2164 Neque
385 2081 466 2145 illud
486 2081 707 2146 omittendum
728 2084 771 2146 ad
792 2083 978 2147 faciendam
999 2102 1115 2165 spem:
1141 2093 1293 2165 reputent
1314 2080 1356 2169 (si

200 2181 327 2270 placet)
355 2185 507 2250 homines
539 2185 682 2249 infinitas
713 2188 843 2269 ingenii,
874 2188 1040 2268 temporis
1071 2186 1265 2251 facultatum
1296 2209 1355 2250 ex·

201 2308 332 2369 pensas,
355 2310 437 2371 quas
459 2288 609 2352 homines
632 2291 666 2351 in
689 2290 786 2352 rebus
808 2298 843 2353 et
864 2289 980 2353 studiis
1003 2273 1101 2370 longe
1124 2291 1258 2354 minoris
1281 2311 1356 2354 usus

204 2401 237 2454 et
259 2393 354 2472 pretii
376 2392 560 2470 collocant3
591 2397 729 2474 quorum
753 2413 828 2474 pars
852 2403 954 2473 quota
976 2394 1003 2454 si
1026 2393 1069 2455 ad
1092 2413 1172 2456 sana
1195 2405 1228 2456 et
1250 2392 1357 2456 solida

203 2503 391 2571 verteretur,
406 2495 495 2559 nulla
516 2516 582 2559 non
603 2496 778 2560 difficultas
798 2495 942 2578 superari
961 2498 1075 2577 possit.
1121 2497 1221 2578 Quod
1237 2497 1357 2559 idcirco

204 2597 384 2680 adjungere
405 2599 511 2662 visum
535 2610 593 2674 est,
612 2602 690 2682 quia
713 2599 810 2683 plane
832 2599 972 2662 fatemur
998 2599 1166 2663 Historiae
1189 2598 1358 2662 Naturalis
1430 2603 1432 2608 “

205 2711 239 2764 et
264 2701 546 2783 Experimentalis
572 2704 811 2777 collectionem,
838 2703 970 2785 qualem
1000 2703 1111 2765 animo
1142 2705 1297 2766 metimur
1325 2712 1359 2765 et

205 2805 311 2886 qualis
341 2828 413 2871 esse
436 2808 544 2887 debet,
570 2831 653 2892 opus
684 2830 755 2873 esse
785 2826 950 2890 magnum,
977 2817 1010 2870 et
1041 2808 1133 2890 quasi
1164 2808 1299 2888 regium,
1326 2815 1359 2870 et

207 2909 331 2974 multae
345 2931 465 2993 operae
480 2920 580 2994 atque
596 2914 772 2995 impensae.

729 3097 838 3162 CXII.

252 3225 388 3290 Interim
406 3226 650 3309 particularium
673 3227 918 3291 multitudinem
942 3245 1039 3288 nemo
1062 3221 1263 3302 reformidet,
1282 3225 1360 3308 quin

207 3332 316 3414 potius
340 3330 402 3394 hoc
433 3331 540 3412 ipsum
569 3331 612 3393 ad
643 3349 737 3412 spem
768 3338 909 3393 revocet·
954 3327 1040 3391 Sunt
1067 3329 1155 3390 enim
1181 3329 1301 3391 artium
1328 3338 1361 3392 et

207 3445 342 3498 naturae
369 3434 576 3516 particularia
602 3431 834 3498 Phaenomena
859 3432 1017 3514 manipuli
1042 3431 1145 3496 instar
1170 3433 1213 3496 ad
1241 3432 1362 3514 ingenii

243 3653 266 3687 ¹⁷
287 3655 351 3709 The
369 3654 478 3708 honour
496 3651 527 3706 of
543 3653 590 3707 the
612 3653 751 3706 invention
773 3651 806 3704 of
822 3652 944 3720 printing
964 3651 1036 3704 from
1058 3651 1198 3704 moveable
1217 3659 1296 3720 types
1314 3652 1363 3704 has

208 3739 279 3794 been
299 3739 382 3792 much
401 3739 537 3806 disputed.
586 3736 613 3788 lt
634 3737 656 3788 is
677 3735 816 3804 generally
835 3735 959 3788 ascribed
979 3735 1069 3788 either
1089 3741 1119 3787 to
1139 3732 1213 3804 John
1233 3735 1362 3786 Lorenzo

209 3823 313 3876 Koster
326 3821 358 3876 of
369 3822 501 3875 Haarlem
514 3837 547 3874 οι·
559 3827 590 3873 to
601 3818 675 3888 John
686 3818 872 3885 Guttemberg
885 3818 917 3871 of
927 3818 1030 3870 Mainz.
1067 3817 1111 3870 All
1124 3816 1185 3870 that
1197 3831 1238 3870 we
1251 3833 1303 3870 can
1316 3833 1363 3885 say

209 3905 275 3960 with
289 3907 426 3974 certainty
437 3907 458 3958 is
470 3905 531 3958 that
545 3904 600 3956 itis
613 3904 669 3956 due
683 3910 713 3956 to
725 3903 773 3956 the
791 3902 894 3954 middle
912 3900 945 3954 of
960 3901 1008 3954 the
1022 3900 1149 3954 fifteenth
1167 3905 1291 3968 century.
1330 3899 1362 3952 ln

209 3990 293 4044 order
311 3996 342 4042 to
360 4005 440 4058 carry
455 3989 504 4042 the
522 3994 565 4040 art
584 3993 614 4040 to
633 4003 688 4056 any
699 3985 861 4054 perfection,
880 3985 903 4037 it
920 4001 975 4038 was
994 4000 1139 4054 necessary
1152 3989 1183 4036 to
1201 3983 1296 4037 invent
1314 3990 1364 4036 not

209 4074 274 4142 only
287 4072 430 4126 moveable
447 4078 534 4141 types,
547 4071 597 4125 but
609 4071 666 4124 also
678 4087 713 4123 an
726 4069 773 4122 inlr
792 4085 870 4123 more
883 4069 990 4122 viscous
1008 4068 1063 4120 and
1079 4066 1221 4120 tenacious
1237 4067 1302 4120 than
1315 4065 1364 4118 the

209 4157 338 4225 ordinary
351 4157 408 4211 inh.
445 4155 473 4208 lt
485 4171 548 4224 may
560 4155 595 4208 be
610 4154 699 4207 added
712 4152 774 4205 that
785 4153 833 4205 the
846 4153 965 4205 Chinese
982 4151 1036 4205 had
1048 4150 1121 4204 from
1135 4151 1202 4204 time
1220 4151 1364 4204 immemo-

210 4241 260 4294 rial
272 4241 344 4294 been
356 4239 521 4308 acquainted
533 4239 600 4292 with
612 4237 660 4290 the
676 4244 719 4290 art
731 4235 764 4289 of
777 4236 899 4304 printing
917 4235 989 4288 from
1001 4235 1097 4288 blocks
1109 4233 1142 4286 of
1151 4233 1241 4287 wood.
1277 4233 1365 4287 What

211 4324 382 4377 constituted
402 4325 449 4376 the
470 4323 581 4391 novelty
601 4320 632 4374 of
651 4321 797 4388 European
816 4321 938 4389 printing
957 4335 1011 4372 was
1032 4319 1080 4371 the
1101 4333 1149 4371 use
1172 4316 1205 4370 of
1223 4317 1365 4370 moveable

212 4415 299 4478 types.

248 4489 269 4522 ¹⁸
287 4489 357 4544 This
369 4489 525 4558 expression
539 4489 561 4542 is
574 4489 641 4544 here
653 4488 721 4542 used
732 4488 760 4541 in
773 4487 821 4541 the
837 4503 913 4540 same
925 4501 1003 4540 sense
1017 4503 1045 4539 as
1063 4486 1089 4538 in
1104 4485 1173 4554 Aph.
1189 4501 1238 4551 1⁰3
1251 4485 1304 4538 and
1317 4485 1366 4538 tha

214 4575 260 4628 De
278 4574 444 4644 augmentis.
