<?xml version="1.0" encoding="UTF-8"?>
<!DOCTYPE html PUBLIC "-//W3C//DTD XHTML 1.0 Transitional//EN"
    "http://www.w3.org/TR/xhtml1/DTD/xhtml1-transitional.dtd">
<html xmlns="http://www.w3.org/1999/xhtml" xml:lang="en" lang="en">
 <head>
  <title>
</title>
<meta http-equiv="Content-Type" content="text/html;charset=utf-8" />
  <meta name='ocr-system' content='tesseract 3.04.00' />
  <meta name='ocr-capabilities' content='ocr_page ocr_carea ocr_par ocr_line ocrx_word'/>
</head>
<body>
  <div class='ocr_page' id='page_1' title='image "./baconsnovumorga01fowlgoog_0353.png"; bbox 0 0 3324 5110; ppageno 0'>
   <div class='ocr_carea' id='block_1_1' title="bbox 299 401 1072 476">
    <p class='ocr_par' dir='ltr' id='par_1_1' title="bbox 299 401 1072 476">
     <span class='ocr_line' id='line_1_1' title="bbox 299 401 1072 476; baseline 0.005 -22"><span class='ocrx_word' id='word_1_1' title='bbox 299 409 362 476; x_wconf 83' lang='lat'>330</span> <span class='ocrx_word' id='word_1_2' title='bbox 676 401 832 458; x_wconf 81' lang='lat' dir='ltr'><em>NOVUM</em></span> <span class='ocrx_word' id='word_1_3' title='bbox 853 401 1072 458; x_wconf 81' lang='lat' dir='ltr'>ORGANUM.</span> 
     </span>
    </p>
   </div>
   <div class='ocr_carea' id='block_1_2' title="bbox 296 563 1506 3144">
    <p class='ocr_par' dir='ltr' id='par_1_2' title="bbox 297 563 1452 756">
     <span class='ocr_line' id='line_1_2' title="bbox 297 563 1452 651; baseline 0.003 -23"><span class='ocrx_word' id='word_1_4' title='bbox 297 563 398 628; x_wconf 91' lang='lat' dir='ltr'>etiam</span> <span class='ocrx_word' id='word_1_5' title='bbox 414 585 473 646; x_wconf 89' lang='lat' dir='ltr'>per</span> <span class='ocrx_word' id='word_1_6' title='bbox 487 573 593 629; x_wconf 86' lang='lat' dir='ltr'>status</span> <span class='ocrx_word' id='word_1_7' title='bbox 608 567 897 650; x_wconf 84' lang='lat' dir='ltr'>comparationem,</span> <span class='ocrx_word' id='word_1_8' title='bbox 914 577 1001 633; x_wconf 89' lang='lat' dir='ltr'>recte</span> <span class='ocrx_word' id='word_1_9' title='bbox 1018 569 1082 633; x_wconf 92' lang='lat' dir='ltr'>dici</span> <span class='ocrx_word' id='word_1_10' title='bbox 1098 566 1212 651; x_wconf 89' lang='lat' dir='ltr'>possit.</span> <span class='ocrx_word' id='word_1_11' title='bbox 1258 565 1374 650; x_wconf 89' lang='lat' dir='ltr'>Atque</span> <span class='ocrx_word' id='word_1_12' title='bbox 1389 567 1452 632; x_wconf 85' lang='lat' dir='ltr'>hoc</span> 
     </span>
     <span class='ocr_line' id='line_1_3' title="bbox 297 669 1348 756; baseline 0.006 -26"><span class='ocrx_word' id='word_1_13' title='bbox 297 688 363 732; x_wconf 93' lang='lat' dir='ltr'>non</span> <span class='ocrx_word' id='word_1_14' title='bbox 379 669 495 747; x_wconf 90' lang='lat' dir='ltr'>solum,</span> <span class='ocrx_word' id='word_1_15' title='bbox 513 691 578 734; x_wconf 94' lang='lat' dir='ltr'>non</span> <span class='ocrx_word' id='word_1_16' title='bbox 594 671 731 747; x_wconf 92' lang='lat' dir='ltr'>coelum,</span> <span class='ocrx_word' id='word_1_17' title='bbox 747 693 814 735; x_wconf 92' lang='lat' dir='ltr'>non</span> <span class='ocrx_word' id='word_1_18' title='bbox 830 693 976 754; x_wconf 91' lang='lat' dir='ltr'>corpora,</span> <span class='ocrx_word' id='word_1_19' title='bbox 992 675 1050 738; x_wconf 88' lang='lat' dir='ltr'>sed</span> <span class='ocrx_word' id='word_1_20' title='bbox 1066 682 1153 738; x_wconf 89' lang='lat' dir='ltr'>artes</span> <span class='ocrx_word' id='word_1_21' title='bbox 1169 680 1348 756; x_wconf 86' lang='lat' dir='ltr'><strong>praestant.</strong></span> 
     </span>
    </p>

    <p class='ocr_par' dir='ltr' id='par_1_3' title="bbox 296 772 1453 1892">
     <span class='ocr_line' id='line_1_4' title="bbox 342 772 1452 862; baseline 0.005 -28"><span class='ocrx_word' id='word_1_22' title='bbox 342 772 476 852; x_wconf 86' lang='lat' dir='ltr'>Rursus,</span> <span class='ocrx_word' id='word_1_23' title='bbox 490 775 559 838; x_wconf 92' lang='lat' dir='ltr'>vim</span> <span class='ocrx_word' id='word_1_24' title='bbox 578 785 610 839; x_wconf 90' lang='lat' dir='ltr'>et</span> <span class='ocrx_word' id='word_1_25' title='bbox 624 777 781 840; x_wconf 89' lang='lat' dir='ltr'>virtutem</span> <span class='ocrx_word' id='word_1_26' title='bbox 800 787 833 840; x_wconf 89' lang='lat' dir='ltr'>et</span> <span class='ocrx_word' id='word_1_27' title='bbox 854 780 1105 862; x_wconf 81' lang='lat' dir='ltr'>consequentias</span> <span class='ocrx_word' id='word_1_28' title='bbox 1121 797 1228 842; x_wconf 90' lang='lat' dir='ltr'>rerum</span> <span class='ocrx_word' id='word_1_29' title='bbox 1244 777 1452 840; x_wconf 88' lang='lat' dir='ltr'>inventarum</span> 
     </span>
     <span class='ocr_line' id='line_1_5' title="bbox 297 876 1451 962; baseline 0.003 -24"><span class='ocrx_word' id='word_1_30' title='bbox 297 885 412 940; x_wconf 89' lang='lat' dir='ltr'>notare</span> <span class='ocrx_word' id='word_1_31' title='bbox 424 876 518 958; x_wconf 89' lang='lat' dir='ltr'>juvat</span> <span class='ocrx_word' id='word_1_32' title='bbox 533 901 540 958; x_wconf 88' lang='lat'>;</span> <span class='ocrx_word' id='word_1_33' title='bbox 563 899 649 961; x_wconf 88' lang='lat' dir='ltr'>quae</span> <span class='ocrx_word' id='word_1_34' title='bbox 664 898 730 942; x_wconf 90' lang='lat' dir='ltr'>non</span> <span class='ocrx_word' id='word_1_35' title='bbox 746 880 778 942; x_wconf 95' lang='lat' dir='ltr'>in</span> <span class='ocrx_word' id='word_1_36' title='bbox 794 879 867 943; x_wconf 92' lang='lat' dir='ltr'>aliis</span> <span class='ocrx_word' id='word_1_37' title='bbox 883 881 1087 946; x_wconf 79' lang='lat' dir='ltr'>manifestius</span> <span class='ocrx_word' id='word_1_38' title='bbox 1102 889 1283 956; x_wconf 88' lang='lat' dir='ltr'>occurrunt,</span> <span class='ocrx_word' id='word_1_39' title='bbox 1300 900 1402 962; x_wconf 91' lang='lat' dir='ltr'>quam</span> <span class='ocrx_word' id='word_1_40' title='bbox 1418 881 1451 942; x_wconf 93' lang='lat' dir='ltr'>in</span> 
     </span>
     <span class='ocr_line' id='line_1_6' title="bbox 298 977 1452 1067; baseline 0.005 -27"><span class='ocrx_word' id='word_1_41' title='bbox 298 977 361 1042; x_wconf 91' lang='lat' dir='ltr'>illis</span> <span class='ocrx_word' id='word_1_42' title='bbox 391 981 495 1044; x_wconf 91' lang='lat' dir='ltr'>tribus</span> <span class='ocrx_word' id='word_1_43' title='bbox 521 1002 608 1065; x_wconf 89' lang='lat' dir='ltr'>quae</span> <span class='ocrx_word' id='word_1_44' title='bbox 637 983 781 1065; x_wconf 89' lang='lat' dir='ltr'>antiquis</span> <span class='ocrx_word' id='word_1_45' title='bbox 811 985 1009 1066; x_wconf 85' lang='lat' dir='ltr'>incognitae,</span> <span class='ocrx_word' id='word_1_46' title='bbox 1036 994 1070 1048; x_wconf 92' lang='lat' dir='ltr'>et</span> <span class='ocrx_word' id='word_1_47' title='bbox 1093 1004 1234 1067; x_wconf 90' lang='lat' dir='ltr'>quarum</span> <span class='ocrx_word' id='word_1_48' title='bbox 1264 982 1452 1066; x_wconf 90' lang='lat' dir='ltr'>primordia,</span> 
     </span>
     <span class='ocr_line' id='line_1_7' title="bbox 297 1080 1453 1170; baseline 0.003 -25"><span class='ocrx_word' id='word_1_49' title='bbox 297 1080 374 1146; x_wconf 91' lang='lat' dir='ltr'>licet</span> <span class='ocrx_word' id='word_1_50' title='bbox 398 1086 549 1162; x_wconf 85' lang='lat' dir='ltr'>recentia,</span> <span class='ocrx_word' id='word_1_51' title='bbox 566 1086 704 1149; x_wconf 90' lang='lat' dir='ltr'>obscura</span> <span class='ocrx_word' id='word_1_52' title='bbox 725 1097 759 1150; x_wconf 90' lang='lat' dir='ltr'>et</span> <span class='ocrx_word' id='word_1_53' title='bbox 780 1087 919 1169; x_wconf 91' lang='lat' dir='ltr'>ingloria</span> <span class='ocrx_word' id='word_1_54' title='bbox 937 1097 1032 1152; x_wconf 91' lang='lat' dir='ltr'>sunt:</span> <span class='ocrx_word' id='word_1_55' title='bbox 1056 1087 1151 1151; x_wconf 89' lang='lat' dir='ltr'>Artis</span> <span class='ocrx_word' id='word_1_56' title='bbox 1166 1088 1319 1150; x_wconf 90' lang='lat' dir='ltr'>nimirum</span> <span class='ocrx_word' id='word_1_57' title='bbox 1336 1086 1453 1170; x_wconf 86' lang='lat' dir='ltr'>impri-</span> 
     </span>
     <span class='ocr_line' id='line_1_8' title="bbox 298 1187 1452 1268; baseline 0.003 -20"><span class='ocrx_word' id='word_1_58' title='bbox 298 1187 418 1264; x_wconf 90' lang='lat' dir='ltr'>mendi,</span> <span class='ocrx_word' id='word_1_59' title='bbox 435 1187 579 1252; x_wconf 91' lang='lat' dir='ltr'>Pulveris</span> <span class='ocrx_word' id='word_1_60' title='bbox 593 1189 823 1268; x_wconf 89' lang='lat' dir='ltr'>Tormentarii,</span> <span class='ocrx_word' id='word_1_61' title='bbox 839 1201 873 1254; x_wconf 91' lang='lat' dir='ltr'>et</span> <span class='ocrx_word' id='word_1_62' title='bbox 888 1188 980 1255; x_wconf 88' lang='lat' dir='ltr'>Acus</span> <span class='ocrx_word' id='word_1_63' title='bbox 999 1190 1206 1256; x_wconf 73' lang='lat' dir='ltr'>Nauticael0.</span> <span class='ocrx_word' id='word_1_64' title='bbox 1253 1190 1348 1253; x_wconf 90' lang='lat' dir='ltr'>Haec</span> <span class='ocrx_word' id='word_1_65' title='bbox 1363 1190 1452 1254; x_wconf 89' lang='lat' dir='ltr'>enim</span> 
     </span>
     <span class='ocr_line' id='line_1_9' title="bbox 297 1289 1451 1360; baseline 0.003 -7"><span class='ocrx_word' id='word_1_66' title='bbox 297 1289 360 1353; x_wconf 89' lang='lat' dir='ltr'>tria</span> <span class='ocrx_word' id='word_1_67' title='bbox 387 1310 493 1354; x_wconf 90' lang='lat' dir='ltr'>rerum</span> <span class='ocrx_word' id='word_1_68' title='bbox 520 1290 638 1357; x_wconf 84' lang='lat' dir='ltr'>faciem</span> <span class='ocrx_word' id='word_1_69' title='bbox 665 1303 698 1356; x_wconf 90' lang='lat' dir='ltr'>et</span> <span class='ocrx_word' id='word_1_70' title='bbox 721 1302 846 1358; x_wconf 86' lang='lat' dir='ltr'>statum</span> <span class='ocrx_word' id='word_1_71' title='bbox 873 1296 906 1358; x_wconf 94' lang='lat' dir='ltr'>in</span> <span class='ocrx_word' id='word_1_72' title='bbox 932 1297 1013 1359; x_wconf 92' lang='lat' dir='ltr'>orbe</span> <span class='ocrx_word' id='word_1_73' title='bbox 1035 1305 1196 1360; x_wconf 89' lang='lat' dir='ltr'>terrarum</span> <span class='ocrx_word' id='word_1_74' title='bbox 1220 1302 1451 1358; x_wconf 90' lang='lat' dir='ltr'>mutaverunt:</span> 
     </span>
     <span class='ocr_line' id='line_1_10' title="bbox 296 1393 1451 1478; baseline 0.004 -23"><span class='ocrx_word' id='word_1_75' title='bbox 296 1393 448 1475; x_wconf 91' lang='lat' dir='ltr'>primum,</span> <span class='ocrx_word' id='word_1_76' title='bbox 470 1397 502 1458; x_wconf 93' lang='lat' dir='ltr'>in</span> <span class='ocrx_word' id='word_1_77' title='bbox 526 1417 560 1459; x_wconf 91' lang='lat' dir='ltr'>re</span> <span class='ocrx_word' id='word_1_78' title='bbox 583 1397 747 1476; x_wconf 83' lang='lat' dir='ltr'>literaria3</span> <span class='ocrx_word' id='word_1_79' title='bbox 771 1400 960 1476; x_wconf 88' lang='lat' dir='ltr'>secundum,</span> <span class='ocrx_word' id='word_1_80' title='bbox 980 1401 1013 1462; x_wconf 93' lang='lat' dir='ltr'>in</span> <span class='ocrx_word' id='word_1_81' title='bbox 1037 1421 1071 1464; x_wconf 89' lang='lat' dir='ltr'>re</span> <span class='ocrx_word' id='word_1_82' title='bbox 1092 1399 1233 1478; x_wconf 90' lang='lat' dir='ltr'>bellica;</span> <span class='ocrx_word' id='word_1_83' title='bbox 1256 1399 1401 1472; x_wconf 88' lang='lat' dir='ltr'>tertium,</span> <span class='ocrx_word' id='word_1_84' title='bbox 1418 1399 1451 1460; x_wconf 92' lang='lat' dir='ltr'>in</span> 
     </span>
     <span class='ocr_line' id='line_1_11' title="bbox 296 1499 1450 1584; baseline 0.004 -25"><span class='ocrx_word' id='word_1_85' title='bbox 296 1499 578 1581; x_wconf 83' lang='lat' dir='ltr'>navigationibus:</span> <span class='ocrx_word' id='word_1_86' title='bbox 610 1502 699 1565; x_wconf 90' lang='lat' dir='ltr'>unde</span> <span class='ocrx_word' id='word_1_87' title='bbox 722 1502 912 1566; x_wconf 89' lang='lat' dir='ltr'>innumerae</span> <span class='ocrx_word' id='word_1_88' title='bbox 935 1524 1042 1566; x_wconf 89' lang='lat' dir='ltr'>rerum</span> <span class='ocrx_word' id='word_1_89' title='bbox 1066 1505 1268 1568; x_wconf 88' lang='lat' dir='ltr'>mutationes</span> <span class='ocrx_word' id='word_1_90' title='bbox 1290 1511 1450 1584; x_wconf 86' lang='lat' dir='ltr'>sequutae</span> 
     </span>
     <span class='ocr_line' id='line_1_12' title="bbox 296 1603 1450 1687; baseline 0.003 -25"><span class='ocrx_word' id='word_1_91' title='bbox 296 1611 391 1679; x_wconf 91' lang='lat' dir='ltr'>sunt;</span> <span class='ocrx_word' id='word_1_92' title='bbox 414 1612 451 1666; x_wconf 89' lang='lat' dir='ltr'>ut</span> <span class='ocrx_word' id='word_1_93' title='bbox 467 1624 533 1666; x_wconf 94' lang='lat' dir='ltr'>non</span> <span class='ocrx_word' id='word_1_94' title='bbox 549 1604 723 1686; x_wconf 91' lang='lat' dir='ltr'>imperium</span> <span class='ocrx_word' id='word_1_95' title='bbox 737 1604 882 1687; x_wconf 89' lang='lat' dir='ltr'>aliquod,</span> <span class='ocrx_word' id='word_1_96' title='bbox 896 1627 961 1669; x_wconf 94' lang='lat' dir='ltr'>non</span> <span class='ocrx_word' id='word_1_97' title='bbox 977 1616 1076 1681; x_wconf 87' lang='lat' dir='ltr'>secta,</span> <span class='ocrx_word' id='word_1_98' title='bbox 1090 1627 1156 1670; x_wconf 92' lang='lat' dir='ltr'>non</span> <span class='ocrx_word' id='word_1_99' title='bbox 1172 1605 1276 1681; x_wconf 91' lang='lat' dir='ltr'>stella,</span> <span class='ocrx_word' id='word_1_100' title='bbox 1291 1603 1450 1685; x_wconf 88' lang='lat' dir='ltr'>majorem</span> 
     </span>
     <span class='ocr_line' id='line_1_13' title="bbox 297 1704 1452 1793; baseline 0.003 -26"><span class='ocrx_word' id='word_1_101' title='bbox 297 1704 474 1768; x_wconf 88' lang='lat' dir='ltr'>efficaciam</span> <span class='ocrx_word' id='word_1_102' title='bbox 500 1715 535 1770; x_wconf 91' lang='lat' dir='ltr'>et</span> <span class='ocrx_word' id='word_1_103' title='bbox 558 1709 652 1790; x_wconf 90' lang='lat' dir='ltr'>quasi</span> <span class='ocrx_word' id='word_1_104' title='bbox 679 1707 842 1772; x_wconf 88' lang='lat' dir='ltr'>influxum</span> <span class='ocrx_word' id='word_1_105' title='bbox 871 1730 970 1793; x_wconf 89' lang='lat' dir='ltr'>super</span> <span class='ocrx_word' id='word_1_106' title='bbox 999 1729 1050 1773; x_wconf 88' lang='lat' dir='ltr'>res</span> <span class='ocrx_word' id='word_1_107' title='bbox 1079 1709 1241 1774; x_wconf 88' lang='lat' dir='ltr'>humanas</span> <span class='ocrx_word' id='word_1_108' title='bbox 1267 1708 1452 1772; x_wconf 88' lang='lat' dir='ltr'>exercuisse</span> 
     </span>
     <span class='ocr_line' id='line_1_14' title="bbox 298 1807 1100 1892; baseline 0.01 -22"><span class='ocrx_word' id='word_1_109' title='bbox 298 1807 457 1884; x_wconf 87' lang='lat' dir='ltr'>videatur,</span> <span class='ocrx_word' id='word_1_110' title='bbox 473 1831 575 1892; x_wconf 86' lang='lat' dir='ltr'>quarn</span> <span class='ocrx_word' id='word_1_111' title='bbox 591 1813 653 1876; x_wconf 86' lang='lat' dir='ltr'>ista</span> <span class='ocrx_word' id='word_1_112' title='bbox 669 1813 859 1878; x_wconf 87' lang='lat' dir='ltr'>mechanica</span> <span class='ocrx_word' id='word_1_113' title='bbox 874 1823 1100 1878; x_wconf 88' lang='lat' dir='ltr'>exercuerunt.</span> 
     </span>
    </p>

    <p class='ocr_par' dir='ltr' id='par_1_4' title="bbox 297 1911 1506 3144">
     <span class='ocr_line' id='line_1_15' title="bbox 343 1911 1453 1998; baseline 0.005 -25"><span class='ocrx_word' id='word_1_114' title='bbox 343 1911 515 1977; x_wconf 88' lang='lat' dir='ltr'>Praeterea</span> <span class='ocrx_word' id='word_1_115' title='bbox 531 1935 596 1978; x_wconf 93' lang='lat' dir='ltr'>non</span> <span class='ocrx_word' id='word_1_116' title='bbox 612 1914 672 1978; x_wconf 91' lang='lat' dir='ltr'>abs</span> <span class='ocrx_word' id='word_1_117' title='bbox 688 1936 722 1979; x_wconf 89' lang='lat' dir='ltr'>re</span> <span class='ocrx_word' id='word_1_118' title='bbox 738 1915 843 1992; x_wconf 84' lang='lat' dir='ltr'>suerit,</span> <span class='ocrx_word' id='word_1_119' title='bbox 860 1917 922 1981; x_wconf 92' lang='lat' dir='ltr'>tria</span> <span class='ocrx_word' id='word_1_120' title='bbox 940 1917 1111 1981; x_wconf 90' lang='lat' dir='ltr'>hominum</span> <span class='ocrx_word' id='word_1_121' title='bbox 1127 1917 1316 1981; x_wconf 91' lang='lat' dir='ltr'>ambitionis</span> <span class='ocrx_word' id='word_1_122' title='bbox 1331 1934 1453 1998; x_wconf 87' lang='lat' dir='ltr'>genera</span> 
     </span>
     <span class='ocr_line' id='line_1_16' title="bbox 299 2017 1452 2105; baseline 0.005 -29"><span class='ocrx_word' id='word_1_123' title='bbox 299 2025 332 2077; x_wconf 91' lang='lat' dir='ltr'>et</span> <span class='ocrx_word' id='word_1_124' title='bbox 358 2017 452 2097; x_wconf 91' lang='lat' dir='ltr'>quasi</span> <span class='ocrx_word' id='word_1_125' title='bbox 478 2019 600 2099; x_wconf 90' lang='lat' dir='ltr'>gradus</span> <span class='ocrx_word' id='word_1_126' title='bbox 626 2020 835 2102; x_wconf 86' lang='lat' dir='ltr'>distinguere.</span> <span class='ocrx_word' id='word_1_127' title='bbox 881 2022 1026 2086; x_wconf 91' lang='lat' dir='ltr'>Primum</span> <span class='ocrx_word' id='word_1_128' title='bbox 1053 2042 1176 2097; x_wconf 90' lang='lat' dir='ltr'>eorum,</span> <span class='ocrx_word' id='word_1_129' title='bbox 1203 2022 1259 2105; x_wconf 93' lang='lat' dir='ltr'>qui</span> <span class='ocrx_word' id='word_1_130' title='bbox 1285 2021 1452 2104; x_wconf 89' lang='lat' dir='ltr'>propriam</span> 
     </span>
     <span class='ocr_line' id='line_1_17' title="bbox 298 2121 1452 2209; baseline 0.004 -28"><span class='ocrx_word' id='word_1_131' title='bbox 298 2121 482 2201; x_wconf 87' lang='lat' dir='ltr'>potentiam</span> <span class='ocrx_word' id='word_1_132' title='bbox 513 2123 546 2186; x_wconf 93' lang='lat' dir='ltr'>in</span> <span class='ocrx_word' id='word_1_133' title='bbox 576 2125 683 2206; x_wconf 90' lang='lat' dir='ltr'>patria</span> <span class='ocrx_word' id='word_1_134' title='bbox 713 2145 773 2189; x_wconf 89' lang='lat' dir='ltr'>sua</span> <span class='ocrx_word' id='word_1_135' title='bbox 804 2126 1005 2208; x_wconf 88' lang='lat' dir='ltr'>amplificare</span> <span class='ocrx_word' id='word_1_136' title='bbox 1034 2127 1190 2209; x_wconf 72' lang='lat' dir='ltr'>cupiunt,</span> <span class='ocrx_word' id='word_1_137' title='bbox 1228 2125 1318 2209; x_wconf 91' lang='lat' dir='ltr'>quod</span> <span class='ocrx_word' id='word_1_138' title='bbox 1347 2145 1452 2206; x_wconf 91' lang='lat' dir='ltr'>genus</span> 
     </span>
     <span class='ocr_line' id='line_1_18' title="bbox 298 2223 1451 2313; baseline 0.004 -27"><span class='ocrx_word' id='word_1_139' title='bbox 298 2223 432 2307; x_wconf 86' lang='lat' dir='ltr'>vulgare</span> <span class='ocrx_word' id='word_1_140' title='bbox 454 2235 504 2288; x_wconf 91' lang='lat' dir='ltr'>est</span> <span class='ocrx_word' id='word_1_141' title='bbox 532 2237 565 2290; x_wconf 92' lang='lat' dir='ltr'>et</span> <span class='ocrx_word' id='word_1_142' title='bbox 588 2228 738 2310; x_wconf 89' lang='lat' dir='ltr'>degener.</span> <span class='ocrx_word' id='word_1_143' title='bbox 785 2229 976 2294; x_wconf 90' lang='lat' dir='ltr'>Secundum</span> <span class='ocrx_word' id='word_1_144' title='bbox 1002 2251 1124 2308; x_wconf 88' lang='lat' dir='ltr'>eorum,</span> <span class='ocrx_word' id='word_1_145' title='bbox 1151 2230 1207 2313; x_wconf 91' lang='lat' dir='ltr'>qui</span> <span class='ocrx_word' id='word_1_146' title='bbox 1237 2229 1363 2312; x_wconf 90' lang='lat' dir='ltr'>patriae</span> <span class='ocrx_word' id='word_1_147' title='bbox 1393 2249 1451 2310; x_wconf 88' lang='lat' dir='ltr'>po-</span> 
     </span>
     <span class='ocr_line' id='line_1_19' title="bbox 298 2330 1452 2417; baseline 0.003 -27"><span class='ocrx_word' id='word_1_148' title='bbox 298 2330 437 2392; x_wconf 85' lang='lat' dir='ltr'>tentiam</span> <span class='ocrx_word' id='word_1_149' title='bbox 458 2340 490 2393; x_wconf 89' lang='lat' dir='ltr'>et</span> <span class='ocrx_word' id='word_1_150' title='bbox 508 2331 681 2412; x_wconf 90' lang='lat' dir='ltr'>imperium</span> <span class='ocrx_word' id='word_1_151' title='bbox 702 2334 786 2396; x_wconf 90' lang='lat' dir='ltr'>inter</span> <span class='ocrx_word' id='word_1_152' title='bbox 806 2334 986 2398; x_wconf 90' lang='lat' dir='ltr'>humanum</span> <span class='ocrx_word' id='word_1_153' title='bbox 1007 2355 1111 2417; x_wconf 88' lang='lat' dir='ltr'>genus</span> <span class='ocrx_word' id='word_1_154' title='bbox 1126 2333 1328 2415; x_wconf 82' lang='lat' dir='ltr'>amplificare</span> <span class='ocrx_word' id='word_1_155' title='bbox 1343 2333 1452 2395; x_wconf 90' lang='lat' dir='ltr'>nitun-</span> 
     </span>
     <span class='ocr_line' id='line_1_20' title="bbox 299 2432 1451 2521; baseline 0.003 -25"><span class='ocrx_word' id='word_1_156' title='bbox 299 2441 371 2510; x_wconf 89' lang='lat' dir='ltr'>tur;</span> <span class='ocrx_word' id='word_1_157' title='bbox 396 2432 477 2496; x_wconf 91' lang='lat' dir='ltr'>illud</span> <span class='ocrx_word' id='word_1_158' title='bbox 496 2433 568 2517; x_wconf 92' lang='lat' dir='ltr'>plus</span> <span class='ocrx_word' id='word_1_159' title='bbox 592 2445 679 2499; x_wconf 86' lang='lat' dir='ltr'>certe</span> <span class='ocrx_word' id='word_1_160' title='bbox 699 2435 800 2501; x_wconf 89' lang='lat' dir='ltr'>habet</span> <span class='ocrx_word' id='word_1_161' title='bbox 816 2439 993 2519; x_wconf 87' lang='lat' dir='ltr'>dignitatis,</span> <span class='ocrx_word' id='word_1_162' title='bbox 1016 2438 1204 2521; x_wconf 89' lang='lat' dir='ltr'>cupiditatis</span> <span class='ocrx_word' id='word_1_163' title='bbox 1225 2437 1313 2499; x_wconf 93' lang='lat' dir='ltr'>haud</span> <span class='ocrx_word' id='word_1_164' title='bbox 1336 2436 1451 2500; x_wconf 90' lang='lat' dir='ltr'>minus.</span> 
     </span>
     <span class='ocr_line' id='line_1_21' title="bbox 299 2534 1451 2626; baseline 0.004 -28"><span class='ocrx_word' id='word_1_165' title='bbox 299 2534 399 2618; x_wconf 83' lang='lat' dir='ltr'>Quod</span> <span class='ocrx_word' id='word_1_166' title='bbox 416 2537 443 2600; x_wconf 91' lang='lat' dir='ltr'>si</span> <span class='ocrx_word' id='word_1_167' title='bbox 458 2539 533 2620; x_wconf 91' lang='lat' dir='ltr'>quis</span> <span class='ocrx_word' id='word_1_168' title='bbox 547 2538 683 2602; x_wconf 90' lang='lat' dir='ltr'>humani</span> <span class='ocrx_word' id='word_1_169' title='bbox 700 2543 829 2623; x_wconf 90' lang='lat' dir='ltr'>generis</span> <span class='ocrx_word' id='word_1_170' title='bbox 850 2544 952 2624; x_wconf 91' lang='lat' dir='ltr'>ipsius</span> <span class='ocrx_word' id='word_1_171' title='bbox 973 2543 1156 2626; x_wconf 90' lang='lat' dir='ltr'>potentiam</span> <span class='ocrx_word' id='word_1_172' title='bbox 1173 2550 1207 2604; x_wconf 90' lang='lat' dir='ltr'>et</span> <span class='ocrx_word' id='word_1_173' title='bbox 1225 2540 1400 2622; x_wconf 90' lang='lat' dir='ltr'>imperium</span> <span class='ocrx_word' id='word_1_174' title='bbox 1417 2541 1451 2603; x_wconf 93' lang='lat' dir='ltr'>in</span> 
     </span>
     <span class='ocr_line' id='line_1_22' title="bbox 298 2643 1451 2729; baseline 0.004 -26"><span class='ocrx_word' id='word_1_175' title='bbox 298 2661 406 2704; x_wconf 90' lang='lat' dir='ltr'>rerum</span> <span class='ocrx_word' id='word_1_176' title='bbox 438 2643 684 2707; x_wconf 91' lang='lat' dir='ltr'>universitatem</span> <span class='ocrx_word' id='word_1_177' title='bbox 718 2645 899 2709; x_wconf 91' lang='lat' dir='ltr'>instaurare</span> <span class='ocrx_word' id='word_1_178' title='bbox 933 2657 965 2710; x_wconf 91' lang='lat' dir='ltr'>et</span> <span class='ocrx_word' id='word_1_179' title='bbox 998 2646 1200 2729; x_wconf 89' lang='lat' dir='ltr'>amplificare</span> <span class='ocrx_word' id='word_1_180' title='bbox 1232 2653 1377 2720; x_wconf 90' lang='lat' dir='ltr'>conetur,</span> <span class='ocrx_word' id='word_1_181' title='bbox 1411 2665 1451 2708; x_wconf 87' lang='lat' dir='ltr'>ea</span> 
     </span>
     <span class='ocr_line' id='line_1_23' title="bbox 298 2746 1451 2836; baseline 0.002 -24"><span class='ocrx_word' id='word_1_182' title='bbox 298 2750 515 2829; x_wconf 91' lang='lat' dir='ltr'>proculdubio</span> <span class='ocrx_word' id='word_1_183' title='bbox 544 2751 684 2814; x_wconf 92' lang='lat' dir='ltr'>ambitio</span> <span class='ocrx_word' id='word_1_184' title='bbox 714 2747 754 2836; x_wconf 93' lang='lat' dir='ltr'>(si</span> <span class='ocrx_word' id='word_1_185' title='bbox 789 2753 889 2816; x_wconf 91' lang='lat' dir='ltr'>modo</span> <span class='ocrx_word' id='word_1_186' title='bbox 919 2754 967 2816; x_wconf 92' lang='lat' dir='ltr'>ita</span> <span class='ocrx_word' id='word_1_187' title='bbox 995 2753 1145 2816; x_wconf 91' lang='lat' dir='ltr'>vocanda</span> <span class='ocrx_word' id='word_1_188' title='bbox 1174 2746 1231 2836; x_wconf 85' lang='lat' dir='ltr'>sit)</span> <span class='ocrx_word' id='word_1_189' title='bbox 1258 2749 1391 2830; x_wconf 89' lang='lat' dir='ltr'>reliquis</span> <span class='ocrx_word' id='word_1_190' title='bbox 1417 2759 1451 2814; x_wconf 89' lang='lat' dir='ltr'>et</span> 
     </span>
     <span class='ocr_line' id='line_1_24' title="bbox 297 2853 1506 2938; baseline -0.002 -21"><span class='ocrx_word' id='word_1_191' title='bbox 297 2856 406 2918; x_wconf 92' lang='lat' dir='ltr'>sanior</span> <span class='ocrx_word' id='word_1_192' title='bbox 429 2864 531 2919; x_wconf 86' lang='lat' dir='ltr'>estet</span> <span class='ocrx_word' id='word_1_193' title='bbox 552 2855 728 2938; x_wconf 87' lang='lat' dir='ltr'>augustior.</span> <span class='ocrx_word' id='word_1_194' title='bbox 776 2855 929 2919; x_wconf 91' lang='lat' dir='ltr'>Hominis</span> <span class='ocrx_word' id='word_1_195' title='bbox 950 2867 1064 2921; x_wconf 90' lang='lat' dir='ltr'>autem</span> <span class='ocrx_word' id='word_1_196' title='bbox 1087 2856 1261 2938; x_wconf 88' lang='lat' dir='ltr'>imperium</span> <span class='ocrx_word' id='word_1_197' title='bbox 1286 2854 1319 2916; x_wconf 92' lang='lat' dir='ltr'>in</span> <span class='ocrx_word' id='word_1_198' title='bbox 1343 2873 1402 2930; x_wconf 89' lang='lat' dir='ltr'>res,</span> <span class='ocrx_word' id='word_1_199' title='bbox 1418 2853 1450 2916; x_wconf 90' lang='lat' dir='ltr'>in</span> <span class='ocrx_word' id='word_1_200' title='bbox 1501 2893 1506 2898; x_wconf 95' lang='lat'>-</span> 
     </span>
     <span class='ocr_line' id='line_1_25' title="bbox 297 2958 1451 3041; baseline -0.001 -22"><span class='ocrx_word' id='word_1_201' title='bbox 297 2958 375 3020; x_wconf 93' lang='lat' dir='ltr'>solis</span> <span class='ocrx_word' id='word_1_202' title='bbox 390 2959 514 3022; x_wconf 91' lang='lat' dir='ltr'>artibus</span> <span class='ocrx_word' id='word_1_203' title='bbox 527 2969 560 3022; x_wconf 92' lang='lat' dir='ltr'>et</span> <span class='ocrx_word' id='word_1_204' title='bbox 574 2959 719 3023; x_wconf 90' lang='lat' dir='ltr'>scientiis</span> <span class='ocrx_word' id='word_1_205' title='bbox 734 2961 874 3041; x_wconf 88' lang='lat' dir='ltr'>ponitur.</span> <span class='ocrx_word' id='word_1_206' title='bbox 913 2960 1060 3023; x_wconf 90' lang='lat' dir='ltr'>Naturae</span> <span class='ocrx_word' id='word_1_207' title='bbox 1076 2961 1165 3023; x_wconf 89' lang='lat' dir='ltr'>enim</span> <span class='ocrx_word' id='word_1_208' title='bbox 1181 2977 1247 3022; x_wconf 95' lang='lat' dir='ltr'>non</span> <span class='ocrx_word' id='word_1_209' title='bbox 1263 2958 1451 3040; x_wconf 89' lang='lat' dir='ltr'>imperatur,</span> 
     </span>
     <span class='ocr_line' id='line_1_26' title="bbox 300 3061 569 3144; baseline 0.007 -21"><span class='ocrx_word' id='word_1_210' title='bbox 300 3063 360 3124; x_wconf 92' lang='lat' dir='ltr'>nisi</span> <span class='ocrx_word' id='word_1_211' title='bbox 376 3062 522 3144; x_wconf 90' lang='lat' dir='ltr'>parendo</span> <span class='ocrx_word' id='word_1_212' title='bbox 532 3061 569 3125; x_wconf 77' lang='lat'>⁷¹.</span> 
     </span>
    </p>
   </div>
   <div class='ocr_carea' id='block_1_3' title="bbox 297 3162 1452 3666">
    <p class='ocr_par' dir='ltr' id='par_1_5' title="bbox 297 3162 1452 3666">
     <span class='ocr_line' id='line_1_27' title="bbox 343 3162 1452 3249; baseline 0 -23"><span class='ocrx_word' id='word_1_213' title='bbox 343 3164 522 3242; x_wconf 90' lang='lat' dir='ltr'>Praeterea,</span> <span class='ocrx_word' id='word_1_214' title='bbox 546 3165 572 3228; x_wconf 94' lang='lat' dir='ltr'>si</span> <span class='ocrx_word' id='word_1_215' title='bbox 600 3165 695 3228; x_wconf 92' lang='lat' dir='ltr'>unius</span> <span class='ocrx_word' id='word_1_216' title='bbox 719 3163 856 3246; x_wconf 89' lang='lat' dir='ltr'>alicujus</span> <span class='ocrx_word' id='word_1_217' title='bbox 880 3165 1084 3249; x_wconf 89' lang='lat' dir='ltr'>particularis</span> <span class='ocrx_word' id='word_1_218' title='bbox 1107 3164 1230 3228; x_wconf 92' lang='lat' dir='ltr'>inventi</span> <span class='ocrx_word' id='word_1_219' title='bbox 1254 3163 1379 3228; x_wconf 88' lang='lat' dir='ltr'>utilitas</span> <span class='ocrx_word' id='word_1_220' title='bbox 1404 3162 1452 3226; x_wconf 90' lang='lat' dir='ltr'>ita</span> 
     </span>
     <span class='ocr_line' id='line_1_28' title="bbox 298 3267 1451 3353; baseline -0.001 -23"><span class='ocrx_word' id='word_1_221' title='bbox 298 3267 449 3332; x_wconf 92' lang='lat' dir='ltr'>homines</span> <span class='ocrx_word' id='word_1_222' title='bbox 478 3269 632 3342; x_wconf 82' lang='lat' dir='ltr'>affecerit,</span> <span class='ocrx_word' id='word_1_223' title='bbox 662 3279 699 3332; x_wconf 92' lang='lat' dir='ltr'>ut</span> <span class='ocrx_word' id='word_1_224' title='bbox 730 3290 806 3333; x_wconf 90' lang='lat' dir='ltr'>eum</span> <span class='ocrx_word' id='word_1_225' title='bbox 836 3270 891 3353; x_wconf 94' lang='lat' dir='ltr'>qui</span> <span class='ocrx_word' id='word_1_226' title='bbox 921 3290 1025 3352; x_wconf 90' lang='lat' dir='ltr'>genus</span> <span class='ocrx_word' id='word_1_227' title='bbox 1054 3269 1236 3333; x_wconf 91' lang='lat' dir='ltr'>humanum</span> <span class='ocrx_word' id='word_1_228' title='bbox 1265 3270 1451 3332; x_wconf 89' lang='lat' dir='ltr'>universum</span> 
     </span>
     <span class='ocr_line' id='line_1_29' title="bbox 297 3371 1452 3455; baseline -0.003 -19"><span class='ocrx_word' id='word_1_229' title='bbox 297 3373 457 3436; x_wconf 88' lang='lat' dir='ltr'>beneficio</span> <span class='ocrx_word' id='word_1_230' title='bbox 468 3373 579 3455; x_wconf 91' lang='lat' dir='ltr'>aliquo</span> <span class='ocrx_word' id='word_1_231' title='bbox 592 3373 755 3435; x_wconf 87' lang='lat' dir='ltr'>devincire</span> <span class='ocrx_word' id='word_1_232' title='bbox 770 3375 913 3455; x_wconf 91' lang='lat' dir='ltr'>potuerit</span> <span class='ocrx_word' id='word_1_233' title='bbox 928 3373 1062 3436; x_wconf 92' lang='lat' dir='ltr'>homine</span> <span class='ocrx_word' id='word_1_234' title='bbox 1077 3371 1237 3454; x_wconf 87' lang='lat' dir='ltr'>majorem</span> <span class='ocrx_word' id='word_1_235' title='bbox 1250 3371 1452 3455; x_wconf 92' lang='lat' dir='ltr'>putaverint;</span> 
     </span>
     <span class='ocr_line' id='line_1_30' title="bbox 297 3475 1452 3561; baseline -0.002 -22"><span class='ocrx_word' id='word_1_236' title='bbox 297 3487 422 3561; x_wconf 92' lang='lat' dir='ltr'>quanto</span> <span class='ocrx_word' id='word_1_237' title='bbox 448 3477 565 3541; x_wconf 88' lang='lat' dir='ltr'>celsius</span> <span class='ocrx_word' id='word_1_238' title='bbox 588 3477 752 3540; x_wconf 92' lang='lat' dir='ltr'>videbitur</span> <span class='ocrx_word' id='word_1_239' title='bbox 774 3477 842 3541; x_wconf 91' lang='lat' dir='ltr'>tale</span> <span class='ocrx_word' id='word_1_240' title='bbox 864 3477 988 3560; x_wconf 90' lang='lat' dir='ltr'>aliquid</span> <span class='ocrx_word' id='word_1_241' title='bbox 1012 3478 1166 3553; x_wconf 91' lang='lat' dir='ltr'>invenire,</span> <span class='ocrx_word' id='word_1_242' title='bbox 1191 3498 1249 3559; x_wconf 90' lang='lat' dir='ltr'>per</span> <span class='ocrx_word' id='word_1_243' title='bbox 1271 3477 1361 3559; x_wconf 94' lang='lat' dir='ltr'>quod</span> <span class='ocrx_word' id='word_1_244' title='bbox 1387 3475 1452 3538; x_wconf 89' lang='lat' dir='ltr'>alia</span> 
     </span>
     <span class='ocr_line' id='line_1_31' title="bbox 297 3559 1452 3666; baseline -0.003 -22"><span class='ocrx_word' id='word_1_245' title='bbox 297 3581 409 3644; x_wconf 89' lang='lat' dir='ltr'>omnia</span> <span class='ocrx_word' id='word_1_246' title='bbox 432 3559 589 3662; x_wconf 69' lang='lat' dir='ltr'>eripedite</span> <span class='ocrx_word' id='word_1_247' title='bbox 612 3580 748 3642; x_wconf 91' lang='lat' dir='ltr'>inveniri</span> <span class='ocrx_word' id='word_1_248' title='bbox 772 3579 924 3662; x_wconf 86' lang='lat' dir='ltr'>possint?</span> <span class='ocrx_word' id='word_1_249' title='bbox 971 3579 1016 3643; x_wconf 92' lang='lat' dir='ltr'>Et</span> <span class='ocrx_word' id='word_1_250' title='bbox 1036 3589 1148 3644; x_wconf 89' lang='lat' dir='ltr'>tamen</span> <span class='ocrx_word' id='word_1_251' title='bbox 1171 3576 1223 3666; x_wconf 92' lang='lat' dir='ltr'>(ut</span> <span class='ocrx_word' id='word_1_252' title='bbox 1244 3599 1357 3643; x_wconf 89' lang='lat' dir='ltr'>vemm</span> <span class='ocrx_word' id='word_1_253' title='bbox 1381 3599 1452 3641; x_wconf 91' lang='lat' dir='ltr'>om·</span> 
     </span>
    </p>
   </div>
   <div class='ocr_carea' id='block_1_4' title="bbox 296 3758 1454 4584">
    <p class='ocr_par' dir='ltr' id='par_1_6' title="bbox 297 3758 1451 3997">
     <span class='ocr_line' id='line_1_32' title="bbox 298 3758 1451 3830; baseline -0.002 -15"><span class='ocrx_word' id='word_1_254' title='bbox 298 3762 345 3815; x_wconf 88' lang='lat' dir='ltr'>the</span> <span class='ocrx_word' id='word_1_255' title='bbox 364 3777 437 3815; x_wconf 88' lang='lat' dir='ltr'>same</span> <span class='ocrx_word' id='word_1_256' title='bbox 457 3760 575 3830; x_wconf 85' lang='lat' dir='ltr'>proverb</span> <span class='ocrx_word' id='word_1_257' title='bbox 593 3760 616 3812; x_wconf 92' lang='lat' dir='ltr'>is</span> <span class='ocrx_word' id='word_1_258' title='bbox 634 3758 758 3813; x_wconf 78' lang='lat' dir='ltr'>referred</span> <span class='ocrx_word' id='word_1_259' title='bbox 776 3765 808 3812; x_wconf 94' lang='lat' dir='ltr'>to</span> <span class='ocrx_word' id='word_1_260' title='bbox 827 3761 854 3812; x_wconf 90' lang='lat' dir='ltr'>in</span> <span class='ocrx_word' id='word_1_261' title='bbox 875 3759 1015 3812; x_wconf 82' lang='lat' dir='ltr'>Hooker&#39;s</span> <span class='ocrx_word' id='word_1_262' title='bbox 1034 3760 1234 3814; x_wconf 86' lang='lat' dir='ltr'>Ecclesiastical</span> <span class='ocrx_word' id='word_1_263' title='bbox 1253 3759 1353 3828; x_wconf 79' lang='lat' dir='ltr'>Polity,</span> <span class='ocrx_word' id='word_1_264' title='bbox 1369 3760 1415 3814; x_wconf 78' lang='lat' dir='ltr'>bt.</span> <span class='ocrx_word' id='word_1_265' title='bbox 1433 3760 1451 3813; x_wconf 93' lang='lat' dir='ltr'>i.</span> 
     </span>
     <span class='ocr_line' id='line_1_33' title="bbox 299 3842 1451 3910; baseline -0.002 -13"><span class='ocrx_word' id='word_1_266' title='bbox 299 3847 350 3898; x_wconf 87' lang='lat' dir='ltr'>See</span> <span class='ocrx_word' id='word_1_267' title='bbox 363 3861 398 3898; x_wconf 90' lang='lat' dir='ltr'>an</span> <span class='ocrx_word' id='word_1_268' title='bbox 416 3844 576 3909; x_wconf 82' lang='lat' dir='ltr'>interesting</span> <span class='ocrx_word' id='word_1_269' title='bbox 594 3848 661 3896; x_wconf 92' lang='lat' dir='ltr'>note</span> <span class='ocrx_word' id='word_1_270' title='bbox 680 3859 716 3894; x_wconf 91' lang='lat' dir='ltr'>on</span> <span class='ocrx_word' id='word_1_271' title='bbox 735 3842 783 3896; x_wconf 89' lang='lat' dir='ltr'>the</span> <span class='ocrx_word' id='word_1_272' title='bbox 803 3857 914 3910; x_wconf 84' lang='lat' dir='ltr'>passage</span> <span class='ocrx_word' id='word_1_273' title='bbox 933 3843 960 3894; x_wconf 90' lang='lat' dir='ltr'>in</span> <span class='ocrx_word' id='word_1_274' title='bbox 975 3843 1055 3896; x_wconf 88' lang='lat' dir='ltr'>Dean</span> <span class='ocrx_word' id='word_1_275' title='bbox 1069 3843 1204 3896; x_wconf 89' lang='lat' dir='ltr'>Church’s</span> <span class='ocrx_word' id='word_1_276' title='bbox 1220 3843 1335 3909; x_wconf 83' lang='lat' dir='ltr'>edition,</span> <span class='ocrx_word' id='word_1_277' title='bbox 1348 3859 1375 3910; x_wconf 88' lang='lat' dir='ltr'>p.</span> <span class='ocrx_word' id='word_1_278' title='bbox 1393 3848 1451 3910; x_wconf 81' lang='lat'>128,</span> 
     </span>
     <span class='ocr_line' id='line_1_34' title="bbox 297 3925 1380 3997; baseline -0.003 -14"><span class='ocrx_word' id='word_1_279' title='bbox 297 3930 351 3983; x_wconf 84' lang='lat' dir='ltr'>and</span> <span class='ocrx_word' id='word_1_280' title='bbox 364 3945 407 3997; x_wconf 90' lang='lat' dir='ltr'>cp.</span> <span class='ocrx_word' id='word_1_281' title='bbox 419 3929 533 3997; x_wconf 84' lang='lat' dir='ltr'>Jeremy</span> <span class='ocrx_word' id='word_1_282' title='bbox 546 3927 674 3996; x_wconf 85' lang='lat' dir='ltr'>Taylor&#39;s</span> <span class='ocrx_word' id='word_1_283' title='bbox 688 3926 791 3979; x_wconf 83' lang='lat' dir='ltr'>Worlrs</span> <span class='ocrx_word' id='word_1_284' title='bbox 804 3926 859 3997; x_wconf 91' lang='lat' dir='ltr'>(ed.</span> <span class='ocrx_word' id='word_1_285' title='bbox 873 3926 971 3980; x_wconf 87' lang='lat' dir='ltr'>Heber</span> <span class='ocrx_word' id='word_1_286' title='bbox 984 3927 1039 3980; x_wconf 85' lang='lat' dir='ltr'>and</span> <span class='ocrx_word' id='word_1_287' title='bbox 1051 3925 1153 3996; x_wconf 86' lang='lat' dir='ltr'>Eden),</span> <span class='ocrx_word' id='word_1_288' title='bbox 1165 3927 1219 3981; x_wconf 86' lang='lat' dir='ltr'>vol.</span> <span class='ocrx_word' id='word_1_289' title='bbox 1232 3929 1266 3981; x_wconf 90' lang='lat' dir='ltr'>iv.</span> <span class='ocrx_word' id='word_1_290' title='bbox 1278 3943 1306 3996; x_wconf 91' lang='lat' dir='ltr'>p.</span> <span class='ocrx_word' id='word_1_291' title='bbox 1320 3943 1380 3992; x_wconf 84' lang='lat'>315.</span> 
     </span>
    </p>

    <p class='ocr_par' dir='ltr' id='par_1_7' title="bbox 333 4011 897 4080">
     <span class='ocr_line' id='line_1_35' title="bbox 333 4011 897 4080; baseline -0.005 -16"><span class='ocrx_word' id='word_1_292' title='bbox 333 4011 355 4042; x_wconf 83' lang='lat'>⁷⁰</span> <span class='ocrx_word' id='word_1_293' title='bbox 373 4013 424 4080; x_wconf 90' lang='lat' dir='ltr'>Cp.</span> <span class='ocrx_word' id='word_1_294' title='bbox 439 4011 509 4079; x_wconf 81' lang='lat' dir='ltr'>nph.</span> <span class='ocrx_word' id='word_1_295' title='bbox 525 4028 584 4077; x_wconf 89' lang='lat'>109.</span> <span class='ocrx_word' id='word_1_296' title='bbox 894 4037 897 4046; x_wconf 43' lang='grc' dir='ltr'><strong><em>ι</em></strong></span> 
     </span>
    </p>

    <p class='ocr_par' dir='ltr' id='par_1_8' title="bbox 296 4091 1454 4584">
     <span class='ocr_line' id='line_1_36' title="bbox 333 4091 1453 4163; baseline -0.003 -16"><span class='ocrx_word' id='word_1_297' title='bbox 333 4093 353 4126; x_wconf 67' lang='lat'>7¹</span> <span class='ocrx_word' id='word_1_298' title='bbox 373 4096 425 4163; x_wconf 89' lang='lat' dir='ltr'>Cp.</span> <span class='ocrx_word' id='word_1_299' title='bbox 443 4094 511 4162; x_wconf 86' lang='lat' dir='ltr'>Aph.</span> <span class='ocrx_word' id='word_1_300' title='bbox 532 4111 555 4159; x_wconf 88' lang='lat'>3.</span> <span class='ocrx_word' id='word_1_301' title='bbox 593 4092 648 4146; x_wconf 90' lang='lat' dir='ltr'>Mr.</span> <span class='ocrx_word' id='word_1_302' title='bbox 665 4091 779 4146; x_wconf 90' lang='lat' dir='ltr'>Kitchin</span> <span class='ocrx_word' id='word_1_303' title='bbox 798 4099 896 4162; x_wconf 89' lang='lat' dir='ltr'>quotes</span> <span class='ocrx_word' id='word_1_304' title='bbox 915 4092 992 4161; x_wconf 82' lang='lat' dir='ltr'>Livy,</span> <span class='ocrx_word' id='word_1_305' title='bbox 1011 4093 1066 4146; x_wconf 83' lang='lat' dir='ltr'>xxi.</span> <span class='ocrx_word' id='word_1_306' title='bbox 1086 4113 1110 4159; x_wconf 91' lang='lat'>4,</span> <span class='ocrx_word' id='word_1_307' title='bbox 1130 4093 1230 4161; x_wconf 79' lang='lat' dir='ltr'>where,</span> <span class='ocrx_word' id='word_1_308' title='bbox 1250 4095 1278 4146; x_wconf 91' lang='lat' dir='ltr'>in</span> <span class='ocrx_word' id='word_1_309' title='bbox 1296 4091 1453 4160; x_wconf 79' lang='lat' dir='ltr'>describing</span> 
     </span>
     <span class='ocr_line' id='line_1_37' title="bbox 298 4176 1452 4246; baseline -0.003 -14"><span class='ocrx_word' id='word_1_310' title='bbox 298 4178 445 4244; x_wconf 87' lang='lat' dir='ltr'>Hannibal,</span> <span class='ocrx_word' id='word_1_311' title='bbox 458 4178 492 4230; x_wconf 90' lang='lat' dir='ltr'>he</span> <span class='ocrx_word' id='word_1_312' title='bbox 504 4193 579 4246; x_wconf 88' lang='lat' dir='ltr'>says:</span> <span class='ocrx_word' id='word_1_313' title='bbox 599 4176 761 4245; x_wconf 85' lang='lat' dir='ltr'>‘Nunquam</span> <span class='ocrx_word' id='word_1_314' title='bbox 780 4177 919 4242; x_wconf 82' lang='lat' dir='ltr'>ingenium</span> <span class='ocrx_word' id='word_1_315' title='bbox 939 4177 1012 4229; x_wconf 89' lang='lat' dir='ltr'>idern</span> <span class='ocrx_word' id='word_1_316' title='bbox 1030 4177 1121 4230; x_wconf 89' lang='lat' dir='ltr'>adres</span> <span class='ocrx_word' id='word_1_317' title='bbox 1139 4177 1341 4242; x_wconf 87' lang='lat' dir='ltr'>diversissimas,</span> <span class='ocrx_word' id='word_1_318' title='bbox 1354 4193 1452 4244; x_wconf 85' lang='lat' dir='ltr'>paren·</span> 
     </span>
     <span class='ocr_line' id='line_1_38' title="bbox 297 4259 1453 4330; baseline -0.004 -14"><span class='ocrx_word' id='word_1_319' title='bbox 297 4263 363 4316; x_wconf 92' lang='lat' dir='ltr'>dum</span> <span class='ocrx_word' id='word_1_320' title='bbox 382 4270 465 4330; x_wconf 90' lang='lat' dir='ltr'>atque</span> <span class='ocrx_word' id='word_1_321' title='bbox 485 4260 683 4329; x_wconf 85' lang='lat' dir='ltr'>imperandum,</span> <span class='ocrx_word' id='word_1_322' title='bbox 696 4261 810 4313; x_wconf 89' lang='lat' dir='ltr'>habilius</span> <span class='ocrx_word' id='word_1_323' title='bbox 829 4259 898 4314; x_wconf 69' lang='lat' dir='ltr'>fuit!</span> <span class='ocrx_word' id='word_1_324' title='bbox 937 4260 948 4312; x_wconf 97' lang='lat' dir='ltr'>l</span> <span class='ocrx_word' id='word_1_325' title='bbox 968 4276 1031 4328; x_wconf 79' lang='lat' dir='ltr'>may</span> <span class='ocrx_word' id='word_1_326' title='bbox 1044 4259 1098 4314; x_wconf 91' lang='lat' dir='ltr'>add</span> <span class='ocrx_word' id='word_1_327' title='bbox 1115 4262 1271 4314; x_wconf 84' lang='lat' dir='ltr'>Aristotle&#39;s</span> <span class='ocrx_word' id='word_1_328' title='bbox 1285 4260 1453 4328; x_wconf 91' lang='lat' dir='ltr'>description</span> 
     </span>
     <span class='ocr_line' id='line_1_39' title="bbox 297 4343 1453 4414; baseline -0.004 -14"><span class='ocrx_word' id='word_1_329' title='bbox 297 4346 330 4400; x_wconf 84' lang='lat' dir='ltr'>of</span> <span class='ocrx_word' id='word_1_330' title='bbox 346 4347 392 4400; x_wconf 83' lang='lat' dir='ltr'>the</span> <span class='ocrx_word' id='word_1_331' title='bbox 411 4344 484 4412; x_wconf 82' lang='lat' dir='ltr'>good</span> <span class='ocrx_word' id='word_1_332' title='bbox 501 4346 611 4411; x_wconf 83' lang='lat' dir='ltr'>citizen,</span> <span class='ocrx_word' id='word_1_333' title='bbox 625 4344 734 4398; x_wconf 81' lang='lat' dir='ltr'>Pollii.</span> <span class='ocrx_word' id='word_1_334' title='bbox 748 4364 764 4409; x_wconf 80' lang='grc'><strong>4</strong></span> <span class='ocrx_word' id='word_1_335' title='bbox 779 4343 855 4413; x_wconf 78' lang='lat'>(14):</span> <span class='ocrx_word' id='word_1_336' title='bbox 874 4344 914 4397; x_wconf 76' lang='lat' dir='ltr'>dei</span> <span class='ocrx_word' id='word_1_337' title='bbox 932 4343 959 4398; x_wconf 72' lang='lat' dir='ltr'>dd</span> <span class='ocrx_word' id='word_1_338' title='bbox 977 4345 1023 4398; x_wconf 82' lang='grc' dir='ltr'>τὸν</span> <span class='ocrx_word' id='word_1_339' title='bbox 1040 4344 1150 4412; x_wconf 77' lang='grc' dir='ltr'>πολίτην</span> <span class='ocrx_word' id='word_1_340' title='bbox 1167 4346 1212 4399; x_wconf 77' lang='grc' dir='ltr'>τὸν</span> <span class='ocrx_word' id='word_1_341' title='bbox 1229 4344 1327 4414; x_wconf 79' lang='grc' dir='ltr'>ἀγαθὸν</span> <span class='ocrx_word' id='word_1_342' title='bbox 1344 4343 1453 4398; x_wconf 73' lang='grc' dir='ltr'>ἐπίστα-</span> 
     </span>
     <span class='ocr_line' id='line_1_40' title="bbox 297 4426 1454 4498; baseline -0.004 -14"><span class='ocrx_word' id='word_1_343' title='bbox 297 4429 359 4483; x_wconf 81' lang='grc' dir='ltr'>σθαι</span> <span class='ocrx_word' id='word_1_344' title='bbox 381 4430 422 4482; x_wconf 82' lang='grc' dir='ltr'>καὶ</span> <span class='ocrx_word' id='word_1_345' title='bbox 442 4427 567 4483; x_wconf 77' lang='grc' dir='ltr'>δύνασθαι</span> <span class='ocrx_word' id='word_1_346' title='bbox 587 4429 628 4482; x_wconf 81' lang='grc' dir='ltr'>καὶ</span> <span class='ocrx_word' id='word_1_347' title='bbox 647 4427 775 4498; x_wconf 71' lang='grc' dir='ltr'>ἄρχεσθαι</span> <span class='ocrx_word' id='word_1_348' title='bbox 797 4429 838 4481; x_wconf 80' lang='grc' dir='ltr'>καὶ</span> <span class='ocrx_word' id='word_1_349' title='bbox 857 4427 954 4498; x_wconf 76' lang='grc' dir='ltr'>ἄρχειν,</span> <span class='ocrx_word' id='word_1_350' title='bbox 975 4429 1016 4482; x_wconf 74' lang='lat' dir='ltr'>rol</span> <span class='ocrx_word' id='word_1_351' title='bbox 1035 4426 1098 4496; x_wconf 79' lang='grc' dir='ltr'>αὕτη</span> <span class='ocrx_word' id='word_1_352' title='bbox 1119 4427 1196 4498; x_wconf 75' lang='grc' dir='ltr'>ἀρετὴ</span> <span class='ocrx_word' id='word_1_353' title='bbox 1217 4427 1336 4492; x_wconf 80' lang='grc' dir='ltr'><strong>πολίτου,</strong></span> <span class='ocrx_word' id='word_1_354' title='bbox 1357 4427 1387 4480; x_wconf 80' lang='grc' dir='ltr'>τὸ</span> <span class='ocrx_word' id='word_1_355' title='bbox 1406 4427 1454 4495; x_wconf 66' lang='grc' dir='ltr'>τὴν</span> 
     </span>
     <span class='ocr_line' id='line_1_41' title="bbox 296 4509 980 4584; baseline 0 -18"><span class='ocrx_word' id='word_1_356' title='bbox 296 4518 347 4567; x_wconf 80' lang='grc' dir='ltr'>τῶν</span> <span class='ocrx_word' id='word_1_357' title='bbox 360 4511 502 4584; x_wconf 64' lang='grc' dir='ltr'>ἐλευθέρων</span> <span class='ocrx_word' id='word_1_358' title='bbox 514 4511 597 4583; x_wconf 74' lang='grc' dir='ltr'><strong><em>ἀρχὴν</em></strong></span> <span class='ocrx_word' id='word_1_359' title='bbox 609 4511 768 4568; x_wconf 69' lang='grc' dir='ltr'>ἐπίστασθαι</span> <span class='ocrx_word' id='word_1_360' title='bbox 782 4509 822 4566; x_wconf 75' lang='grc' dir='ltr'>ἐπ’</span> <span class='ocrx_word' id='word_1_361' title='bbox 835 4510 980 4583; x_wconf 70' lang='grc' dir='ltr'>ἀμφότερα.</span> 
     </span>
    </p>
   </div>
   <div class='ocr_carea' id='block_1_5' title="bbox 0 0 1667 5110">
    <p class='ocr_par' dir='ltr' id='par_1_9' title="bbox 0 0 1667 5110">
     <span class='ocr_line' id='line_1_42' title="bbox 0 0 1667 5110; baseline 0 0"><span class='ocrx_word' id='word_1_362' title='bbox 0 0 1667 5110; x_wconf 95' lang='lat' dir='ltr'> </span> 
     </span>
    </p>
   </div>
  </div>
 </body>
</html>
