3220 5102
339 465 404 533 492
716 453 874 514 novum
896 455 1114 514 orrannum

341 631 449 686 certa:
474 621 562 704 quod
578 621 642 685 hoc
661 620 703 685 de
726 643 792 704 quo
815 621 981 706 loquimur
1003 622 1077 706 plus
1100 630 1133 686 et
1153 618 1260 684 minus
1285 616 1451 683 materiae
1468 616 1495 679 in

342 745 478 809 corpore
500 726 563 790 hoc
584 725 636 789 vel
659 726 717 789 illo
739 726 782 790 ad
803 727 945 791 calculos
964 720 1067 813 (facta
1087 722 1279 808 collatione)
1304 735 1338 788 et
1364 743 1497 806 propor-

342 830 449 893 tiones
465 839 601 894 exactas
617 839 674 894 aut
690 831 817 895 exactis
836 831 1039 914 propinquas
1059 830 1169 894 reduci
1190 829 1294 910 possit
1303 826 1340 890 ⁶⁴.
1390 826 1498 888 Veluti

342 935 369 997 si
386 936 459 1017 quis
475 937 563 998 dicat
575 935 680 998 inesse
693 935 725 995 in
741 935 821 998 dato
835 944 992 998 contento
1008 935 1078 998 auri
1093 934 1195 997 talem
1212 930 1496 996 coacervationem

344 1039 509 1114 materiae,
536 1048 573 1102 ut
606 1059 690 1122 opus
719 1037 842 1102 habeat
877 1040 1010 1121 spiritus
1044 1039 1120 1117 vini,
1155 1038 1198 1100 ad
1234 1035 1301 1099 tale
1336 1045 1497 1117 quantum

345 1142 502 1204 materiae
531 1143 750 1222 aequandum,
779 1143 887 1224 spatio
917 1142 1016 1205 vicies
1047 1151 1081 1205 et
1111 1139 1213 1204 semel
1245 1137 1373 1220 majore
1399 1156 1494 1219 quam

345 1245 461 1327 implet
477 1265 601 1321 aurum,
617 1265 683 1307 non
700 1246 854 1309 erraverit
865 1242 901 1309 ⁵⁵.

390 1348 606 1412 Coacervatio
621 1358 733 1412 autem
750 1349 908 1412 materiae
923 1357 957 1412 et
973 1348 1117 1412 rationes
1133 1346 1204 1428 ejus
1225 1346 1440 1410 deducuntur
1458 1345 1495 1406 ad

344 1452 497 1516 sensibile
510 1473 568 1534 per
579 1453 719 1534 pondus.
758 1452 891 1515 Pondus
904 1452 993 1515 enim
1006 1453 1184 1535 respondet
1201 1451 1315 1532 copiae
1332 1449 1496 1522 materiae,

344 1559 453 1638 quoad
471 1565 582 1639 partes
605 1559 649 1619 rei
674 1556 861 1639 tangibilis3
884 1557 1019 1639 spiritus
1042 1566 1165 1631 autem,
1183 1565 1216 1618 et
1240 1554 1311 1635 ejus
1334 1563 1494 1636 quantum

344 1683 388 1726 ex
412 1663 557 1737 materia,
582 1682 647 1725 non
670 1662 760 1724 venit
783 1662 816 1724 in
840 1661 1123 1742 computationem
1146 1680 1205 1742 per
1227 1659 1381 1740 pondus;
1414 1657 1495 1719 levat

344 1767 433 1830 enim
450 1767 580 1848 pondus
595 1767 704 1847 potius
720 1786 820 1848 quam
833 1775 950 1847 gravat
960 1765 995 1830 ⁵⁰.
1032 1764 1083 1828 At
1100 1785 1160 1827 nos
1174 1761 1271 1844 hujus
1288 1763 1334 1825 rei
1350 1758 1494 1825 tabulam

344 1869 481 1933 fecimus
492 1867 516 1907 ⁵⁷
539 1871 619 1932 satis
640 1880 849 1947 accuratam;
881 1870 914 1931 in
935 1890 1000 1951 qua
1022 1870 1170 1951 pondera
1197 1876 1229 1930 et
1256 1867 1367 1948 spatia
1390 1866 1493 1944 singu·

345 1973 451 2036 lorum
468 1973 685 2050 metallorum,
701 1973 850 2056 lapidum
866 1974 1124 2056 praecipuorum,
1138 1973 1312 2054 lignorum,
1324 1971 1493 2052 liquorum,

346 2074 503 2151 oleorum,
532 2085 564 2139 et
592 2076 807 2157 plurimorum
835 2075 974 2139 aliorum
1001 2096 1175 2158 corporum
1202 2084 1271 2139 tarn
1299 2073 1492 2137 naturalium

346 2199 446 2260 quam
473 2179 701 2254 artificialium,
730 2182 941 2263 excepimus:
975 2201 1042 2242 rem
1073 2178 1328 2261 polychrestarn,
1354 2187 1428 2240 tarn
1457 2175 1492 2237 ad

346 2281 453 2347 lucem
477 2283 716 2347 informationis
739 2306 839 2366 quarn
863 2286 905 2347 ad
929 2304 1081 2347 normam
1104 2283 1325 2366 operationis3
1356 2291 1393 2344 et
1417 2299 1492 2362 quae

347 2387 469 2450 multas
485 2409 535 2450 res
555 2388 677 2452 revelet
698 2390 833 2452 omnino
856 2398 986 2470 praeter
1008 2396 1234 2470 expectatum.
1279 2387 1401 2467 Neque
1420 2383 1492 2446 illud

347 2510 407 2573 pro
433 2492 568 2555 minimo
597 2492 787 2555 habendum
815 2501 875 2568 est,
896 2493 986 2574 quod
1012 2494 1217 2555 demonstret
1238 2510 1373 2554 omnem
1398 2487 1492 2552 varie·

346 2603 452 2658 tatem
477 2616 563 2677 quae
590 2596 622 2658 in
649 2597 839 2678 corporibus
865 2596 1079 2678 tangibilibus
1109 2595 1204 2658 nobis
1235 2595 1322 2658 notis
1351 2600 1493 2656 versatur

347 2695 575 2782 (intelligimus
598 2707 709 2762 autem
734 2719 871 2781 corpora
893 2698 979 2762 bene
1001 2699 1101 2775 unita,
1123 2719 1181 2763 nec
1204 2697 1303 2780 plane
1321 2697 1491 2779 spongiosa

347 2811 381 2864 et
403 2822 482 2866 cava
506 2811 539 2865 et
561 2823 681 2885 magna
705 2822 749 2864 ex
772 2811 867 2884 parte
889 2808 963 2864 aere
984 2797 1135 2888 impleta)
1159 2822 1224 2864 non
1248 2799 1333 2864 ultra
1356 2801 1492 2863 rationes

382 2980 404 3013 ³⁴
424 2982 469 3035 He
488 2983 582 3036 makes
600 3000 633 3035 an
653 2987 772 3051 attempt
789 2987 820 3035 to
833 2981 870 3036 do
887 2983 941 3035 this
959 2984 987 3035 in
1004 2983 1051 3035 the
1065 2982 1153 3036 Table
1170 2982 1249 3050 given
1267 2981 1294 3034 in
1312 2981 1359 3034 the
1373 2977 1490 3032 Historia

348 3066 435 3118 Densi
448 3074 476 3118 et
491 3066 556 3119 Rari
571 3067 615 3134 (E.
629 3068 683 3120 and
697 3069 732 3131 S.,
746 3067 799 3121 vol.
812 3067 839 3119 ii.
852 3083 897 3134 pp.
912 3065 1021 3135 245-6).

383 3145 406 3178 ⁸⁶
426 3149 458 3200 ln
479 3148 526 3201 the
550 3150 674 3202 Historia
697 3150 781 3203 Densi
804 3157 833 3202 et
855 3150 921 3203 Rari
944 3149 989 3217 (E.
1015 3149 1069 3202 and
1089 3151 1124 3214 S.,
1141 3148 1193 3201 vol.
1219 3147 1247 3201 ii.
1270 3163 1314 3216 pp.
1344 3147 1442 3216 245-6)
1462 3143 1490 3195 he

348 3231 442 3284 malres
460 3232 509 3283 the
528 3233 597 3285 ratio
617 3249 692 3285 asso
706 3232 1009 3287 Den.oGr.:0Den.
1024 3251 1055 3286 22
1071 3234 1120 3286 Gr.
1157 3231 1220 3284 The
1235 3237 1298 3284 true
1315 3233 1386 3284 ratio
1405 3229 1435 3283 of
1450 3228 1490 3280 the

349 3313 464 3383 Speeific
484 3315 599 3384 Gravity
620 3312 653 3367 of
673 3317 803 3385 Stamped
819 3317 893 3370 Gold
915 3322 946 3368 to
966 3317 1100 3369 Absolute
1121 3315 1237 3369 Alcohol
1254 3315 1276 3367 is
1292 3317 1384 3381 19=3⁶²
1400 3317 1489 3374 :0303

347 3414 381 3451 or
408 3397 492 3452 about
512 3414 631 3465 ψει,
650 3398 729 3453 while
757 3399 817 3453 that
835 3398 867 3454 of
895 3401 960 3454 Cast
980 3400 1053 3452 Gold
1071 3401 1093 3452 is
1118 3403 1325 3465 19.258:0.803
1355 3413 1390 3450 or
1416 3397 1491 3451 about

349 3497 425 3548 2407
441 3499 447 3536 :
464 3499 487 3536 1.

383 3563 406 3596 ⁶⁶
424 3566 495 3619 This
517 3565 625 3619 remark
646 3573 719 3620 must
741 3567 821 3636 apply
842 3573 873 3620 to
894 3568 942 3620 the
963 3568 1091 3635 ‘spiritus
1110 3567 1180 3634 vivi,'
1200 3566 1290 3620 which
1312 3583 1359 3619 are
1380 3563 1491 3634 peculiar

348 3655 379 3703 to
397 3649 479 3715 living
497 3657 643 3716 creatores,
661 3649 715 3702 and
733 3657 783 3703 not
801 3657 832 3703 to
850 3651 898 3703 the
917 3652 1042 3718 ‘spiritus
1061 3651 1155 3718 crudi,’
1175 3649 1264 3703 which
1277 3665 1324 3702 are
1342 3653 1453 3718 present
1469 3647 1491 3698 in

348 3749 431 3802 every
449 3733 568 3799 tangible
587 3732 748 3798 substance3
767 3733 812 3786 for
830 3734 857 3786 in
876 3733 924 3786 the
944 3734 1069 3787 Historia
1088 3734 1173 3787 Densi
1193 3740 1223 3786 et
1242 3733 1308 3786 Rari
1328 3733 1373 3802 (E.
1393 3732 1446 3785 and
1463 3731 1492 3792 S.,

349 3816 402 3870 vol.
416 3817 442 3870 ii.
455 3832 482 3884 p.
497 3814 570 3883 256),
586 3817 640 3870 and
660 3816 816 3882 elsewhere,
834 3817 870 3869 he
885 3817 982 3884 speaks
997 3816 1030 3870 of
1045 3818 1092 3870 the
1106 3817 1232 3886 ‘spiritus
1248 3816 1344 3870 crudi'
1361 3832 1391 3868 as
1403 3815 1491 3868 denset

348 3902 415 3954 than
429 3901 476 3966 air,
489 3900 579 3953 which
591 3900 626 3953 he
638 3900 772 3966 regarded
784 3917 812 3953 as
825 3900 923 3966 having
936 3901 1045 3954 neither
1057 3901 1156 3968 weight
1169 3916 1222 3953 nor
1234 3900 1316 3968 levity
1329 3901 1349 3970 (‘
1358 3900 1492 3964 diligenter

351 3985 458 4052 experti
477 4000 578 4048 sumus,
591 3999 684 4036 aerem
703 3984 737 4037 ad
755 3983 934 4037 minuendum
954 3989 1001 4036 aut
1017 3982 1214 4037 sublevandum
1230 3982 1337 4050 pondus
1353 3983 1417 4036 nihil
1434 3995 1492 4034 con-

349 4067 461 4136 ferre’),
475 4067 596 4120 whereas
614 4068 661 4120 the
676 4067 800 4134 ‘spiritus
813 4067 881 4120 vivi'
899 4083 946 4120 are
965 4069 1044 4120 ‘aere
1063 4067 1122 4136 ipso
1140 4067 1281 4136 aliquanto
1298 4065 1432 4131 rariores,’
1448 4061 1492 4118 aud

351 4167 406 4217 are,
425 4150 573 4216 therefore,
593 4150 727 4204 endowed
747 4151 814 4204 with
833 4151 947 4219 positive
968 4151 1061 4220 levity.
1097 4150 1230 4204 ‘Videtur
1252 4165 1300 4202 aer
1320 4148 1426 4218 pondus
1448 4161 1494 4199 non

350 4240 490 4305 minuere;
509 4237 619 4304 spiritus
638 4243 730 4290 autern
749 4238 824 4290 vivus
841 4237 894 4290 hoe
907 4237 1008 4292 facere.
1045 4239 1138 4307 Atque
1153 4254 1216 4290 cum
1233 4236 1340 4306 pondus
1355 4235 1494 4288 densitates

351 4321 493 4389 dijudicet,
512 4321 595 4373 etiam
615 4320 714 4373 levatio
732 4321 863 4389 ponderis
881 4323 1009 4374 raritates
1026 4321 1175 4388 dijudicare
1193 4319 1295 4375 debet!
1333 4318 1398 4372 The
1413 4317 1492 4370 whole

350 4419 461 4471 passage
480 4404 501 4456 ls
518 4402 695 4472 exceedingly
708 4404 825 4458 curious.
864 4405 908 4456 On
925 4405 973 4458 the
991 4405 1087 4458 uotion
1104 4405 1164 4458 that
1176 4403 1216 4456 air
1229 4404 1277 4457 has
1289 4417 1326 4458 uo
1338 4401 1446 4474 weight,
1459 4415 1493 4472 ep.

351 4487 429 4554 Sylva
442 4486 591 4554 sylvarum,
604 4486 673 4554 Exp.
689 4503 720 4552 ²9
735 4485 782 4556 (E.
793 4485 847 4539 and
860 4488 895 4553 S.,
908 4487 961 4541 vol.
974 4488 1002 4542 ii.
1015 4503 1060 4555 pp.
1075 4485 1187 4557 350-1).

385 4565 408 4601 ⁵⁷
426 4569 490 4626 The
503 4569 592 4626 Table
605 4569 728 4626 referred
741 4575 772 4626 to
784 4569 870 4628 above
884 4571 911 4626 iu
925 4576 992 4627 note
1006 4587 1048 4642 54.
