<?xml version="1.0" encoding="UTF-8"?>
<!DOCTYPE html PUBLIC "-//W3C//DTD XHTML 1.0 Transitional//EN"
    "http://www.w3.org/TR/xhtml1/DTD/xhtml1-transitional.dtd">
<html xmlns="http://www.w3.org/1999/xhtml" xml:lang="en" lang="en">
 <head>
  <title>
</title>
<meta http-equiv="Content-Type" content="text/html;charset=utf-8" />
  <meta name='ocr-system' content='tesseract 3.04.00' />
  <meta name='ocr-capabilities' content='ocr_page ocr_carea ocr_par ocr_line ocrx_word'/>
</head>
<body>
  <div class='ocr_page' id='page_1' title='image "./baconsnovumorga01fowlgoog/baconsnovumorga01fowlgoog_0346.png"; bbox 0 0 3324 5110; ppageno 0'>
   <div class='ocr_carea' id='block_1_1' title="bbox 583 446 1346 528">
    <p class='ocr_par' dir='ltr' id='par_1_1' title="bbox 583 446 1346 528">
     <span class='ocr_line' id='line_1_1' title="bbox 583 446 1346 528; baseline 0 -22"><span class='ocrx_word' id='word_1_1' title='bbox 583 499 586 506; x_wconf 86' lang='lat'>.</span> <span class='ocrx_word' id='word_1_2' title='bbox 658 446 738 504; x_wconf 74' lang='grc' dir='ltr'>ΜΒ.</span> <span class='ocrx_word' id='word_1_3' title='bbox 761 447 786 502; x_wconf 86' lang='grc' dir='ltr'>Ι.</span> <span class='ocrx_word' id='word_1_4' title='bbox 814 451 885 522; x_wconf 83' lang='lat'>125.</span> <span class='ocrx_word' id='word_1_5' title='bbox 1281 461 1346 528; x_wconf 80' lang='lat'>323</span> 
     </span>
    </p>
   </div>
   <div class='ocr_carea' id='block_1_2' title="bbox 700 630 842 699">
    <p class='ocr_par' dir='ltr' id='par_1_2' title="bbox 700 630 842 699">
     <span class='ocr_line' id='line_1_2' title="bbox 700 630 842 699; baseline 0.021 -3"><span class='ocrx_word' id='word_1_6' title='bbox 700 630 842 699; x_wconf 84' lang='lat' dir='ltr'><strong>CXXV.</strong></span> 
     </span>
    </p>
   </div>
   <div class='ocr_carea' id='block_1_3' title="bbox 191 745 1347 1872">
    <p class='ocr_par' dir='ltr' id='par_1_3' title="bbox 191 745 1347 1872">
     <span class='ocr_line' id='line_1_3' title="bbox 239 745 1347 836; baseline 0.005 -24"><span class='ocrx_word' id='word_1_7' title='bbox 239 745 397 813; x_wconf 91' lang='lat' dir='ltr'>Occurret</span> <span class='ocrx_word' id='word_1_8' title='bbox 412 749 551 813; x_wconf 87' lang='lat' dir='ltr'>fortasse</span> <span class='ocrx_word' id='word_1_9' title='bbox 565 758 599 814; x_wconf 91' lang='lat' dir='ltr'>et</span> <span class='ocrx_word' id='word_1_10' title='bbox 615 751 716 816; x_wconf 88' lang='lat' dir='ltr'>illud:</span> <span class='ocrx_word' id='word_1_11' title='bbox 747 775 807 817; x_wconf 88' lang='lat' dir='ltr'>nos</span> <span class='ocrx_word' id='word_1_12' title='bbox 822 763 982 836; x_wconf 85' lang='lat' dir='ltr'><strong>tanquam</strong></span> <span class='ocrx_word' id='word_1_13' title='bbox 998 761 1109 816; x_wconf 88' lang='lat' dir='ltr'>actum</span> <span class='ocrx_word' id='word_1_14' title='bbox 1125 771 1231 834; x_wconf 86' lang='lat' dir='ltr'>agere,</span> <span class='ocrx_word' id='word_1_15' title='bbox 1245 761 1347 836; x_wconf 90' lang='lat' dir='ltr'>atque</span> 
     </span>
     <span class='ocr_line' id='line_1_4' title="bbox 193 854 1347 940; baseline 0.006 -26"><span class='ocrx_word' id='word_1_16' title='bbox 193 854 348 936; x_wconf 90' lang='lat' dir='ltr'>antiquos</span> <span class='ocrx_word' id='word_1_17' title='bbox 375 854 463 936; x_wconf 94' lang='lat' dir='ltr'>ipsos</span> <span class='ocrx_word' id='word_1_18' title='bbox 489 855 629 918; x_wconf 90' lang='lat' dir='ltr'>eandem</span> <span class='ocrx_word' id='word_1_19' title='bbox 652 877 756 938; x_wconf 90' lang='lat' dir='ltr'>quam</span> <span class='ocrx_word' id='word_1_20' title='bbox 783 878 843 922; x_wconf 89' lang='lat' dir='ltr'>nos</span> <span class='ocrx_word' id='word_1_21' title='bbox 872 858 960 921; x_wconf 89' lang='lat' dir='ltr'>viam</span> <span class='ocrx_word' id='word_1_22' title='bbox 990 855 1174 921; x_wconf 78' lang='lat' dir='ltr'>tenuisse⁵³.</span> <span class='ocrx_word' id='word_1_23' title='bbox 1229 857 1347 940; x_wconf 89' lang='lat' dir='ltr'>Itaque</span> 
     </span>
     <span class='ocr_line' id='line_1_5' title="bbox 192 956 1347 1043; baseline 0.007 -25"><span class='ocrx_word' id='word_1_24' title='bbox 192 956 369 1020; x_wconf 90' lang='lat' dir='ltr'>verisimile</span> <span class='ocrx_word' id='word_1_25' title='bbox 385 957 514 1038; x_wconf 90' lang='lat' dir='ltr'>putabit</span> <span class='ocrx_word' id='word_1_26' title='bbox 530 959 693 1040; x_wconf 85' lang='lat' dir='ltr'>quispiam</span> <span class='ocrx_word' id='word_1_27' title='bbox 710 960 811 1023; x_wconf 92' lang='lat' dir='ltr'>etiam</span> <span class='ocrx_word' id='word_1_28' title='bbox 827 981 895 1035; x_wconf 91' lang='lat' dir='ltr'>nos,</span> <span class='ocrx_word' id='word_1_29' title='bbox 912 967 988 1043; x_wconf 93' lang='lat' dir='ltr'>post</span> <span class='ocrx_word' id='word_1_30' title='bbox 1009 969 1140 1024; x_wconf 87' lang='lat' dir='ltr'>tantum</span> <span class='ocrx_word' id='word_1_31' title='bbox 1161 969 1289 1025; x_wconf 90' lang='lat' dir='ltr'>motum</span> <span class='ocrx_word' id='word_1_32' title='bbox 1314 972 1347 1026; x_wconf 91' lang='lat' dir='ltr'>et</span> 
     </span>
     <span class='ocr_line' id='line_1_6' title="bbox 195 1061 1346 1148; baseline 0.007 -26"><span class='ocrx_word' id='word_1_33' title='bbox 195 1061 409 1139; x_wconf 86' lang='lat' dir='ltr'>molitionem,</span> <span class='ocrx_word' id='word_1_34' title='bbox 423 1063 620 1126; x_wconf 89' lang='lat' dir='ltr'>deventuros</span> <span class='ocrx_word' id='word_1_35' title='bbox 631 1066 768 1128; x_wconf 89' lang='lat' dir='ltr'>tandem</span> <span class='ocrx_word' id='word_1_36' title='bbox 780 1065 823 1128; x_wconf 90' lang='lat' dir='ltr'>ad</span> <span class='ocrx_word' id='word_1_37' title='bbox 833 1063 979 1147; x_wconf 82' lang='lat' dir='ltr'>aliquam</span> <span class='ocrx_word' id='word_1_38' title='bbox 992 1086 1035 1128; x_wconf 86' lang='lat' dir='ltr'>ex</span> <span class='ocrx_word' id='word_1_39' title='bbox 1051 1063 1114 1127; x_wconf 92' lang='lat' dir='ltr'>illis</span> <span class='ocrx_word' id='word_1_40' title='bbox 1130 1063 1346 1148; x_wconf 85' lang='lat' dir='ltr'>philosophiis</span> 
     </span>
     <span class='ocr_line' id='line_1_7' title="bbox 195 1167 1345 1249; baseline 0.004 -21"><span class='ocrx_word' id='word_1_41' title='bbox 195 1184 281 1246; x_wconf 89' lang='lat' dir='ltr'>quae</span> <span class='ocrx_word' id='word_1_42' title='bbox 295 1167 383 1248; x_wconf 92' lang='lat' dir='ltr'>apud</span> <span class='ocrx_word' id='word_1_43' title='bbox 400 1167 554 1249; x_wconf 89' lang='lat' dir='ltr'>antiquos</span> <span class='ocrx_word' id='word_1_44' title='bbox 568 1167 749 1233; x_wconf 88' lang='lat' dir='ltr'>valuerunt.</span> <span class='ocrx_word' id='word_1_45' title='bbox 794 1169 884 1232; x_wconf 93' lang='lat' dir='ltr'>Nam</span> <span class='ocrx_word' id='word_1_46' title='bbox 899 1179 934 1232; x_wconf 91' lang='lat' dir='ltr'>et</span> <span class='ocrx_word' id='word_1_47' title='bbox 950 1167 1023 1230; x_wconf 93' lang='lat' dir='ltr'>illos</span> <span class='ocrx_word' id='word_1_48' title='bbox 1039 1169 1071 1230; x_wconf 92' lang='lat' dir='ltr'>in</span> <span class='ocrx_word' id='word_1_49' title='bbox 1091 1169 1345 1233; x_wconf 84' lang='lat' dir='ltr'>meditationum</span> 
     </span>
     <span class='ocr_line' id='line_1_8' title="bbox 193 1271 1345 1356; baseline 0.004 -24"><span class='ocrx_word' id='word_1_50' title='bbox 193 1289 325 1333; x_wconf 89' lang='lat' dir='ltr'>suarum</span> <span class='ocrx_word' id='word_1_51' title='bbox 341 1271 508 1353; x_wconf 89' lang='lat' dir='ltr'>principiis</span> <span class='ocrx_word' id='word_1_52' title='bbox 522 1272 589 1334; x_wconf 93' lang='lat' dir='ltr'>vim</span> <span class='ocrx_word' id='word_1_53' title='bbox 607 1280 640 1336; x_wconf 90' lang='lat' dir='ltr'>et</span> <span class='ocrx_word' id='word_1_54' title='bbox 656 1273 785 1355; x_wconf 90' lang='lat' dir='ltr'>copiam</span> <span class='ocrx_word' id='word_1_55' title='bbox 802 1292 958 1354; x_wconf 87' lang='lat' dir='ltr'>magnam</span> <span class='ocrx_word' id='word_1_56' title='bbox 971 1272 1204 1354; x_wconf 89' lang='lat' dir='ltr'>exemplorum</span> <span class='ocrx_word' id='word_1_57' title='bbox 1221 1283 1254 1336; x_wconf 88' lang='lat' dir='ltr'>et</span> <span class='ocrx_word' id='word_1_58' title='bbox 1269 1293 1345 1356; x_wconf 90' lang='lat' dir='ltr'>par·</span> 
     </span>
     <span class='ocr_line' id='line_1_9' title="bbox 192 1372 1346 1456; baseline 0.003 -20"><span class='ocrx_word' id='word_1_59' title='bbox 192 1372 378 1436; x_wconf 88' lang='lat' dir='ltr'>ticularium</span> <span class='ocrx_word' id='word_1_60' title='bbox 394 1375 567 1455; x_wconf 86' lang='lat' dir='ltr'>paravisse,</span> <span class='ocrx_word' id='word_1_61' title='bbox 583 1384 684 1456; x_wconf 90' lang='lat' dir='ltr'>atque</span> <span class='ocrx_word' id='word_1_62' title='bbox 701 1377 733 1438; x_wconf 92' lang='lat' dir='ltr'>in</span> <span class='ocrx_word' id='word_1_63' title='bbox 753 1375 1006 1438; x_wconf 85' lang='lat' dir='ltr'>commentarios</span> <span class='ocrx_word' id='word_1_64' title='bbox 1026 1395 1086 1456; x_wconf 89' lang='lat' dir='ltr'>per</span> <span class='ocrx_word' id='word_1_65' title='bbox 1102 1375 1193 1438; x_wconf 89' lang='lat' dir='ltr'>locos</span> <span class='ocrx_word' id='word_1_66' title='bbox 1213 1385 1247 1439; x_wconf 91' lang='lat' dir='ltr'>et</span> <span class='ocrx_word' id='word_1_67' title='bbox 1268 1378 1346 1440; x_wconf 90' lang='lat' dir='ltr'>titu-</span> 
     </span>
     <span class='ocr_line' id='line_1_10' title="bbox 193 1476 1343 1562; baseline 0.003 -23"><span class='ocrx_word' id='word_1_68' title='bbox 193 1476 243 1540; x_wconf 93' lang='lat' dir='ltr'>los</span> <span class='ocrx_word' id='word_1_69' title='bbox 259 1479 441 1559; x_wconf 84' lang='lat' dir='ltr'>digessisse,</span> <span class='ocrx_word' id='word_1_70' title='bbox 456 1489 557 1561; x_wconf 90' lang='lat' dir='ltr'>atque</span> <span class='ocrx_word' id='word_1_71' title='bbox 573 1480 650 1543; x_wconf 89' lang='lat' dir='ltr'>inde</span> <span class='ocrx_word' id='word_1_72' title='bbox 666 1478 890 1562; x_wconf 88' lang='lat' dir='ltr'>philosophias</span> <span class='ocrx_word' id='word_1_73' title='bbox 906 1499 982 1542; x_wconf 92' lang='lat' dir='ltr'>suas</span> <span class='ocrx_word' id='word_1_74' title='bbox 998 1489 1031 1542; x_wconf 91' lang='lat' dir='ltr'>et</span> <span class='ocrx_word' id='word_1_75' title='bbox 1049 1488 1137 1543; x_wconf 89' lang='lat' dir='ltr'>artes</span> <span class='ocrx_word' id='word_1_76' title='bbox 1157 1479 1343 1555; x_wconf 85' lang='lat' dir='ltr'>confecisse,</span> 
     </span>
     <span class='ocr_line' id='line_1_11' title="bbox 193 1582 1344 1665; baseline 0.003 -21"><span class='ocrx_word' id='word_1_77' title='bbox 193 1590 226 1644; x_wconf 91' lang='lat' dir='ltr'>et</span> <span class='ocrx_word' id='word_1_78' title='bbox 247 1590 370 1663; x_wconf 91' lang='lat' dir='ltr'>postea,</span> <span class='ocrx_word' id='word_1_79' title='bbox 387 1603 421 1645; x_wconf 88' lang='lat' dir='ltr'>re</span> <span class='ocrx_word' id='word_1_80' title='bbox 444 1593 623 1664; x_wconf 89' lang='lat' dir='ltr'>comperta,</span> <span class='ocrx_word' id='word_1_81' title='bbox 638 1583 875 1665; x_wconf 87' lang='lat' dir='ltr'>pronuntiasse,</span> <span class='ocrx_word' id='word_1_82' title='bbox 892 1593 926 1646; x_wconf 84' lang='lat' dir='ltr'>ct</span> <span class='ocrx_word' id='word_1_83' title='bbox 946 1582 1103 1664; x_wconf 87' lang='lat' dir='ltr'>exempla</span> <span class='ocrx_word' id='word_1_84' title='bbox 1124 1585 1167 1646; x_wconf 89' lang='lat' dir='ltr'>ad</span> <span class='ocrx_word' id='word_1_85' title='bbox 1191 1583 1291 1646; x_wconf 89' lang='lat' dir='ltr'>fidem</span> <span class='ocrx_word' id='word_1_86' title='bbox 1306 1593 1344 1647; x_wconf 91' lang='lat' dir='ltr'>et</span> 
     </span>
     <span class='ocr_line' id='line_1_12' title="bbox 192 1675 1344 1768; baseline 0.002 -20"><span class='ocrx_word' id='word_1_87' title='bbox 192 1685 332 1749; x_wconf 93' lang='lat' dir='ltr'>docendi</span> <span class='ocrx_word' id='word_1_88' title='bbox 348 1685 459 1749; x_wconf 91' lang='lat' dir='ltr'>lumen</span> <span class='ocrx_word' id='word_1_89' title='bbox 480 1686 618 1768; x_wconf 89' lang='lat' dir='ltr'>sparsim</span> <span class='ocrx_word' id='word_1_90' title='bbox 633 1675 824 1763; x_wconf 80' lang='lat' dir='ltr'>&#39;addidisse3</span> <span class='ocrx_word' id='word_1_91' title='bbox 847 1686 905 1748; x_wconf 91' lang='lat' dir='ltr'>sed</span> <span class='ocrx_word' id='word_1_92' title='bbox 926 1685 1171 1767; x_wconf 89' lang='lat' dir='ltr'>particularium</span> <span class='ocrx_word' id='word_1_93' title='bbox 1193 1696 1289 1750; x_wconf 77' lang='lat' dir='ltr'>notas</span> <span class='ocrx_word' id='word_1_94' title='bbox 1309 1695 1344 1750; x_wconf 91' lang='lat' dir='ltr'>et</span> 
     </span>
     <span class='ocr_line' id='line_1_13' title="bbox 191 1787 1343 1872; baseline 0 -20"><span class='ocrx_word' id='word_1_95' title='bbox 191 1787 358 1852; x_wconf 84' lang='lat' dir='ltr'>codicillos</span> <span class='ocrx_word' id='word_1_96' title='bbox 373 1809 412 1853; x_wconf 92' lang='lat' dir='ltr'>ac</span> <span class='ocrx_word' id='word_1_97' title='bbox 428 1789 683 1854; x_wconf 86' lang='lat' dir='ltr'>commentarios</span> <span class='ocrx_word' id='word_1_98' title='bbox 703 1809 780 1852; x_wconf 89' lang='lat' dir='ltr'>suos</span> <span class='ocrx_word' id='word_1_99' title='bbox 801 1789 834 1851; x_wconf 92' lang='lat' dir='ltr'>in</span> <span class='ocrx_word' id='word_1_100' title='bbox 856 1787 961 1851; x_wconf 88' lang='lat' dir='ltr'>lucem</span> <span class='ocrx_word' id='word_1_101' title='bbox 982 1789 1082 1852; x_wconf 88' lang='lat' dir='ltr'>edere</span> <span class='ocrx_word' id='word_1_102' title='bbox 1105 1809 1343 1872; x_wconf 90' lang='lat' dir='ltr'>supervacuum</span> 
     </span>
    </p>
   </div>
   <div class='ocr_carea' id='block_1_4' title="bbox 181 1974 1410 4724">
    <p class='ocr_par' dir='ltr' id='par_1_4' title="bbox 191 1974 1343 2126">
     <span class='ocr_line' id='line_1_14' title="bbox 191 1974 1343 2046; baseline 0.001 -19"><span class='ocrx_word' id='word_1_103' title='bbox 191 1974 363 2042; x_wconf 83' lang='lat' dir='ltr'>expressions</span> <span class='ocrx_word' id='word_1_104' title='bbox 375 1979 406 2028; x_wconf 88' lang='lat' dir='ltr'>to</span> <span class='ocrx_word' id='word_1_105' title='bbox 418 1975 466 2028; x_wconf 87' lang='lat' dir='ltr'>the</span> <span class='ocrx_word' id='word_1_106' title='bbox 478 1981 616 2046; x_wconf 82' lang='lat' dir='ltr'>contrary,</span> <span class='ocrx_word' id='word_1_107' title='bbox 634 1977 848 2045; x_wconf 82' lang='lat' dir='ltr'>representative</span> <span class='ocrx_word' id='word_1_108' title='bbox 860 1975 893 2030; x_wconf 85' lang='lat' dir='ltr'>of</span> <span class='ocrx_word' id='word_1_109' title='bbox 907 1975 1023 2030; x_wconf 86' lang='lat' dir='ltr'>Baeon’s</span> <span class='ocrx_word' id='word_1_110' title='bbox 1042 1975 1151 2044; x_wconf 85' lang='lat' dir='ltr'>general</span> <span class='ocrx_word' id='word_1_111' title='bbox 1169 1974 1288 2030; x_wconf 84' lang='lat' dir='ltr'>attitude</span> <span class='ocrx_word' id='word_1_112' title='bbox 1305 1991 1343 2028; x_wconf 91' lang='lat' dir='ltr'>on</span> 
     </span>
     <span class='ocr_line' id='line_1_15' title="bbox 191 2058 383 2126; baseline 0 -14"><span class='ocrx_word' id='word_1_113' title='bbox 191 2059 245 2112; x_wconf 92' lang='lat' dir='ltr'>this</span> <span class='ocrx_word' id='word_1_114' title='bbox 258 2058 383 2126; x_wconf 85' lang='lat' dir='ltr'>subject:</span> 
     </span>
    </p>

    <p class='ocr_par' dir='ltr' id='par_1_5' title="bbox 190 2142 1344 2376">
     <span class='ocr_line' id='line_1_16' title="bbox 228 2142 1344 2211; baseline 0 -17"><span class='ocrx_word' id='word_1_115' title='bbox 228 2142 300 2196; x_wconf 84' lang='lat' dir='ltr'>‘Ista</span> <span class='ocrx_word' id='word_1_116' title='bbox 318 2147 411 2196; x_wconf 89' lang='lat' dir='ltr'>autem</span> <span class='ocrx_word' id='word_1_117' title='bbox 430 2143 485 2196; x_wconf 93' lang='lat' dir='ltr'>duo</span> <span class='ocrx_word' id='word_1_118' title='bbox 505 2143 689 2210; x_wconf 86' lang='lat' dir='ltr'>pronuntiata,</span> <span class='ocrx_word' id='word_1_119' title='bbox 705 2143 834 2196; x_wconf 77' lang='lat' dir='ltr'>Activum</span> <span class='ocrx_word' id='word_1_120' title='bbox 855 2149 885 2196; x_wconf 91' lang='lat' dir='ltr'>et</span> <span class='ocrx_word' id='word_1_121' title='bbox 907 2143 1166 2211; x_wconf 82' lang='lat' dir='ltr'>Contemplatirum,</span> <span class='ocrx_word' id='word_1_122' title='bbox 1184 2159 1228 2195; x_wconf 91' lang='lat' dir='ltr'>res</span> <span class='ocrx_word' id='word_1_123' title='bbox 1246 2142 1344 2196; x_wconf 87' lang='lat' dir='ltr'>eadem</span> 
     </span>
     <span class='ocr_line' id='line_1_17' title="bbox 190 2225 1344 2296; baseline 0 -16"><span class='ocrx_word' id='word_1_124' title='bbox 190 2233 269 2294; x_wconf 87' lang='lat' dir='ltr'>sunt;</span> <span class='ocrx_word' id='word_1_125' title='bbox 291 2231 320 2278; x_wconf 91' lang='lat' dir='ltr'>et</span> <span class='ocrx_word' id='word_1_126' title='bbox 339 2226 414 2296; x_wconf 93' lang='lat' dir='ltr'>quod</span> <span class='ocrx_word' id='word_1_127' title='bbox 431 2226 459 2279; x_wconf 89' lang='lat' dir='ltr'>in</span> <span class='ocrx_word' id='word_1_128' title='bbox 476 2225 617 2294; x_wconf 89' lang='lat' dir='ltr'>operando</span> <span class='ocrx_word' id='word_1_129' title='bbox 634 2227 814 2293; x_wconf 88' lang='lat' dir='ltr'>utilissimum,</span> <span class='ocrx_word' id='word_1_130' title='bbox 833 2227 861 2279; x_wconf 93' lang='lat' dir='ltr'>id</span> <span class='ocrx_word' id='word_1_131' title='bbox 880 2227 908 2279; x_wconf 88' lang='lat' dir='ltr'>in</span> <span class='ocrx_word' id='word_1_132' title='bbox 928 2226 1040 2280; x_wconf 86' lang='lat' dir='ltr'>sciendo</span> <span class='ocrx_word' id='word_1_133' title='bbox 1058 2227 1247 2280; x_wconf 71' lang='lat' dir='ltr'>verissimum!</span> <span class='ocrx_word' id='word_1_134' title='bbox 1272 2225 1344 2280; x_wconf 83' lang='lat' dir='ltr'>Nor.</span> 
     </span>
     <span class='ocr_line' id='line_1_18' title="bbox 191 2308 337 2376; baseline 0.014 -16"><span class='ocrx_word' id='word_1_135' title='bbox 191 2309 258 2376; x_wconf 89' lang='lat' dir='ltr'>Org.</span> <span class='ocrx_word' id='word_1_136' title='bbox 271 2308 298 2361; x_wconf 91' lang='lat' dir='ltr'>ii.</span> <span class='ocrx_word' id='word_1_137' title='bbox 312 2327 337 2372; x_wconf 81' lang='lat'>4.</span> 
     </span>
    </p>

    <p class='ocr_par' dir='ltr' id='par_1_6' title="bbox 189 2392 1410 3215">
     <span class='ocr_line' id='line_1_19' title="bbox 228 2392 1343 2462; baseline 0.002 -18"><span class='ocrx_word' id='word_1_138' title='bbox 228 2393 273 2444; x_wconf 82' lang='lat' dir='ltr'>‘si</span> <span class='ocrx_word' id='word_1_139' title='bbox 293 2393 354 2461; x_wconf 87' lang='lat' dir='ltr'>quis</span> <span class='ocrx_word' id='word_1_140' title='bbox 377 2396 471 2444; x_wconf 83' lang='lat' dir='ltr'>autern</span> <span class='ocrx_word' id='word_1_141' title='bbox 491 2392 535 2459; x_wconf 90' lang='lat' dir='ltr'>sit,</span> <span class='ocrx_word' id='word_1_142' title='bbox 555 2393 600 2446; x_wconf 90' lang='lat' dir='ltr'>cui</span> <span class='ocrx_word' id='word_1_143' title='bbox 624 2392 652 2446; x_wconf 85' lang='lat' dir='ltr'>iu</span> <span class='ocrx_word' id='word_1_144' title='bbox 677 2393 917 2462; x_wconf 86' lang='lat' dir='ltr'>contemplationis</span> <span class='ocrx_word' id='word_1_145' title='bbox 939 2409 1061 2446; x_wconf 85' lang='lat' dir='ltr'>amorem</span> <span class='ocrx_word' id='word_1_146' title='bbox 1087 2399 1116 2446; x_wconf 90' lang='lat' dir='ltr'>et</span> <span class='ocrx_word' id='word_1_147' title='bbox 1136 2393 1343 2447; x_wconf 87' lang='lat' dir='ltr'>venerationem</span> 
     </span>
     <span class='ocr_line' id='line_1_20' title="bbox 191 2476 1343 2548; baseline 0 -18"><span class='ocrx_word' id='word_1_148' title='bbox 191 2477 286 2538; x_wconf 83' lang='lat' dir='ltr'>effuso.</span> <span class='ocrx_word' id='word_1_149' title='bbox 300 2478 351 2530; x_wconf 90' lang='lat' dir='ltr'>ista</span> <span class='ocrx_word' id='word_1_150' title='bbox 363 2493 478 2546; x_wconf 86' lang='lat' dir='ltr'>operum</span> <span class='ocrx_word' id='word_1_151' title='bbox 491 2476 621 2546; x_wconf 79' lang='lat' dir='ltr'>frequens</span> <span class='ocrx_word' id='word_1_152' title='bbox 633 2485 736 2531; x_wconf 89' lang='lat' dir='ltr'>etcum</span> <span class='ocrx_word' id='word_1_153' title='bbox 750 2485 828 2531; x_wconf 83' lang='lat' dir='ltr'>tanto</span> <span class='ocrx_word' id='word_1_154' title='bbox 841 2477 946 2531; x_wconf 91' lang='lat' dir='ltr'>honore</span> <span class='ocrx_word' id='word_1_155' title='bbox 959 2479 1063 2531; x_wconf 92' lang='lat' dir='ltr'>mentio</span> <span class='ocrx_word' id='word_1_156' title='bbox 1074 2478 1204 2548; x_wconf 84' lang='lat' dir='ltr'>quiddam</span> <span class='ocrx_word' id='word_1_157' title='bbox 1216 2494 1343 2547; x_wconf 85' lang='lat' dir='ltr'>asperum</span> 
     </span>
     <span class='ocr_line' id='line_1_21' title="bbox 189 2561 1341 2630; baseline -0.003 -15"><span class='ocrx_word' id='word_1_158' title='bbox 189 2569 219 2616; x_wconf 87' lang='lat' dir='ltr'>et</span> <span class='ocrx_word' id='word_1_159' title='bbox 244 2563 379 2628; x_wconf 83' lang='lat' dir='ltr'>ingratum</span> <span class='ocrx_word' id='word_1_160' title='bbox 403 2567 491 2627; x_wconf 82' lang='lat' dir='ltr'>sonet,</span> <span class='ocrx_word' id='word_1_161' title='bbox 512 2562 533 2614; x_wconf 94' lang='lat' dir='ltr'>is</span> <span class='ocrx_word' id='word_1_162' title='bbox 557 2578 608 2630; x_wconf 90' lang='lat' dir='ltr'>pro</span> <span class='ocrx_word' id='word_1_163' title='bbox 632 2569 710 2616; x_wconf 89' lang='lat' dir='ltr'>certo</span> <span class='ocrx_word' id='word_1_164' title='bbox 734 2563 810 2630; x_wconf 73' lang='lat' dir='ltr'>sciat,</span> <span class='ocrx_word' id='word_1_165' title='bbox 832 2578 861 2614; x_wconf 91' lang='lat' dir='ltr'>se</span> <span class='ocrx_word' id='word_1_166' title='bbox 886 2562 1001 2629; x_wconf 85' lang='lat' dir='ltr'>propriis</span> <span class='ocrx_word' id='word_1_167' title='bbox 1026 2562 1165 2614; x_wconf 86' lang='lat' dir='ltr'>desideriis</span> <span class='ocrx_word' id='word_1_168' title='bbox 1189 2561 1341 2625; x_wconf 85' lang='lat' dir='ltr'>adversari;</span> 
     </span>
     <span class='ocr_line' id='line_1_22' title="bbox 189 2646 1342 2714; baseline 0 -16"><span class='ocrx_word' id='word_1_169' title='bbox 189 2646 293 2699; x_wconf 87' lang='lat' dir='ltr'>etenim</span> <span class='ocrx_word' id='word_1_170' title='bbox 307 2646 334 2698; x_wconf 89' lang='lat' dir='ltr'>in</span> <span class='ocrx_word' id='word_1_171' title='bbox 347 2652 454 2711; x_wconf 85' lang='lat' dir='ltr'>natura,</span> <span class='ocrx_word' id='word_1_172' title='bbox 467 2661 552 2713; x_wconf 81' lang='lat' dir='ltr'>opera</span> <span class='ocrx_word' id='word_1_173' title='bbox 563 2662 619 2699; x_wconf 91' lang='lat' dir='ltr'>non</span> <span class='ocrx_word' id='word_1_174' title='bbox 631 2652 739 2700; x_wconf 90' lang='lat' dir='ltr'>tantum</span> <span class='ocrx_word' id='word_1_175' title='bbox 752 2648 824 2700; x_wconf 79' lang='lat' dir='ltr'>ritae</span> <span class='ocrx_word' id='word_1_176' title='bbox 836 2647 977 2712; x_wconf 77' lang='lat' dir='ltr'>beneficia,</span> <span class='ocrx_word' id='word_1_177' title='bbox 991 2647 1038 2699; x_wconf 89' lang='lat' dir='ltr'>sed</span> <span class='ocrx_word' id='word_1_178' title='bbox 1051 2653 1081 2699; x_wconf 92' lang='lat' dir='ltr'>et</span> <span class='ocrx_word' id='word_1_179' title='bbox 1093 2647 1215 2699; x_wconf 87' lang='lat' dir='ltr'>veritatis</span> <span class='ocrx_word' id='word_1_180' title='bbox 1228 2647 1342 2714; x_wconf 87' lang='lat' dir='ltr'>pignora</span> 
     </span>
     <span class='ocr_line' id='line_1_23' title="bbox 189 2729 1342 2798; baseline 0 -16"><span class='ocrx_word' id='word_1_181' title='bbox 189 2744 257 2782; x_wconf 88' lang='lat' dir='ltr'>esse.</span> <span class='ocrx_word' id='word_1_182' title='bbox 295 2729 332 2782; x_wconf 89' lang='lat' dir='ltr'>Et</span> <span class='ocrx_word' id='word_1_183' title='bbox 344 2729 419 2798; x_wconf 92' lang='lat' dir='ltr'>quod</span> <span class='ocrx_word' id='word_1_184' title='bbox 438 2729 465 2782; x_wconf 93' lang='lat' dir='ltr'>in</span> <span class='ocrx_word' id='word_1_185' title='bbox 485 2729 615 2795; x_wconf 83' lang='lat' dir='ltr'>religione</span> <span class='ocrx_word' id='word_1_186' title='bbox 628 2730 766 2783; x_wconf 87' lang='lat' dir='ltr'>verissime</span> <span class='ocrx_word' id='word_1_187' title='bbox 783 2731 941 2798; x_wconf 89' lang='lat' dir='ltr'>requiritur,</span> <span class='ocrx_word' id='word_1_188' title='bbox 955 2736 987 2782; x_wconf 92' lang='lat' dir='ltr'>nt</span> <span class='ocrx_word' id='word_1_189' title='bbox 999 2729 1081 2782; x_wconf 87' lang='lat' dir='ltr'>fidem</span> <span class='ocrx_word' id='word_1_190' title='bbox 1094 2730 1154 2798; x_wconf 89' lang='lat' dir='ltr'>quis</span> <span class='ocrx_word' id='word_1_191' title='bbox 1166 2746 1200 2782; x_wconf 84' lang='lat' dir='ltr'>ex</span> <span class='ocrx_word' id='word_1_192' title='bbox 1213 2730 1342 2796; x_wconf 86' lang='lat' dir='ltr'>operibus</span> 
     </span>
     <span class='ocr_line' id='line_1_24' title="bbox 190 2812 1341 2882; baseline 0.003 -16"><span class='ocrx_word' id='word_1_193' title='bbox 190 2817 341 2880; x_wconf 89' lang='lat' dir='ltr'>monstret;</span> <span class='ocrx_word' id='word_1_194' title='bbox 361 2812 433 2864; x_wconf 91' lang='lat' dir='ltr'>idem</span> <span class='ocrx_word' id='word_1_195' title='bbox 453 2812 480 2864; x_wconf 89' lang='lat' dir='ltr'>in</span> <span class='ocrx_word' id='word_1_196' title='bbox 499 2813 616 2865; x_wconf 81' lang='lat' dir='ltr'>natur-ali</span> <span class='ocrx_word' id='word_1_197' title='bbox 630 2813 799 2882; x_wconf 89' lang='lat' dir='ltr'>philosophia</span> <span class='ocrx_word' id='word_1_198' title='bbox 810 2820 977 2881; x_wconf 87' lang='lat' dir='ltr'>competere,</span> <span class='ocrx_word' id='word_1_199' title='bbox 990 2818 1022 2866; x_wconf 91' lang='lat' dir='ltr'>ut</span> <span class='ocrx_word' id='word_1_200' title='bbox 1036 2813 1151 2866; x_wconf 88' lang='lat' dir='ltr'>scientia</span> <span class='ocrx_word' id='word_1_201' title='bbox 1168 2813 1293 2866; x_wconf 89' lang='lat' dir='ltr'>similiter</span> <span class='ocrx_word' id='word_1_202' title='bbox 1306 2829 1341 2870; x_wconf 79' lang='lat' dir='ltr'>ex</span> 
     </span>
     <span class='ocr_line' id='line_1_25' title="bbox 190 2885 1342 2964; baseline -0.001 -16"><span class='ocrx_word' id='word_1_203' title='bbox 190 2895 319 2962; x_wconf 89' lang='lat' dir='ltr'>operibus</span> <span class='ocrx_word' id='word_1_204' title='bbox 338 2901 517 2948; x_wconf 89' lang='lat' dir='ltr'>monstretur.</span> <span class='ocrx_word' id='word_1_205' title='bbox 561 2895 716 2949; x_wconf 87' lang='lat' dir='ltr'>Veritatem</span> <span class='ocrx_word' id='word_1_206' title='bbox 738 2897 812 2949; x_wconf 87' lang='lat' dir='ltr'>enim</span> <span class='ocrx_word' id='word_1_207' title='bbox 832 2885 882 2964; x_wconf 82' lang='lat' dir='ltr'>per</span> <span class='ocrx_word' id='word_1_208' title='bbox 901 2912 1016 2964; x_wconf 85' lang='lat' dir='ltr'>operum</span> <span class='ocrx_word' id='word_1_209' title='bbox 1039 2893 1241 2962; x_wconf 87' lang='lat' dir='ltr'>indicationem,</span> <span class='ocrx_word' id='word_1_210' title='bbox 1257 2895 1342 2963; x_wconf 90' lang='lat' dir='ltr'>magis</span> 
     </span>
     <span class='ocr_line' id='line_1_26' title="bbox 189 2978 1341 3047; baseline 0.004 -17"><span class='ocrx_word' id='word_1_211' title='bbox 189 2993 274 3046; x_wconf 86' lang='lat' dir='ltr'>quam</span> <span class='ocrx_word' id='word_1_212' title='bbox 298 2994 333 3030; x_wconf 84' lang='lat' dir='ltr'>ex</span> <span class='ocrx_word' id='word_1_213' title='bbox 357 2978 593 3045; x_wconf 82' lang='lat' dir='ltr'>argumentatione</span> <span class='ocrx_word' id='word_1_214' title='bbox 618 2985 665 3032; x_wconf 90' lang='lat' dir='ltr'>aut</span> <span class='ocrx_word' id='word_1_215' title='bbox 689 2980 773 3033; x_wconf 84' lang='lat' dir='ltr'>etiarn</span> <span class='ocrx_word' id='word_1_216' title='bbox 798 2996 832 3033; x_wconf 84' lang='lat' dir='ltr'>ex</span> <span class='ocrx_word' id='word_1_217' title='bbox 857 2996 946 3046; x_wconf 88' lang='lat' dir='ltr'>sensu,</span> <span class='ocrx_word' id='word_1_218' title='bbox 969 2986 998 3032; x_wconf 91' lang='lat' dir='ltr'>et</span> <span class='ocrx_word' id='word_1_219' title='bbox 1022 2978 1145 3047; x_wconf 79' lang='lat' dir='ltr'>patefieri</span> <span class='ocrx_word' id='word_1_220' title='bbox 1169 2985 1198 3032; x_wconf 91' lang='lat' dir='ltr'>et</span> <span class='ocrx_word' id='word_1_221' title='bbox 1222 2978 1341 3047; x_wconf 90' lang='lat' dir='ltr'>probari.</span> 
     </span>
     <span class='ocr_line' id='line_1_27' title="bbox 189 3063 1410 3130; baseline 0.002 -17"><span class='ocrx_word' id='word_1_222' title='bbox 189 3063 284 3130; x_wconf 80' lang='lat' dir='ltr'>Qare</span> <span class='ocrx_word' id='word_1_223' title='bbox 314 3077 397 3114; x_wconf 87' lang='lat' dir='ltr'>unam</span> <span class='ocrx_word' id='word_1_224' title='bbox 428 3063 599 3130; x_wconf 88' lang='lat' dir='ltr'>eandemque</span> <span class='ocrx_word' id='word_1_225' title='bbox 623 3065 758 3118; x_wconf 88' lang='lat' dir='ltr'>rationem</span> <span class='ocrx_word' id='word_1_226' title='bbox 783 3070 812 3117; x_wconf 87' lang='lat' dir='ltr'>et</span> <span class='ocrx_word' id='word_1_227' title='bbox 843 3063 1008 3116; x_wconf 84' lang='lat' dir='ltr'>conditionis</span> <span class='ocrx_word' id='word_1_228' title='bbox 1031 3063 1165 3117; x_wconf 78' lang='lat' dir='ltr'>humanae</span> <span class='ocrx_word' id='word_1_229' title='bbox 1189 3070 1218 3115; x_wconf 90' lang='lat' dir='ltr'>et</span> <span class='ocrx_word' id='word_1_230' title='bbox 1243 3063 1342 3116; x_wconf 88' lang='lat' dir='ltr'>mentis</span> <span class='ocrx_word' id='word_1_231' title='bbox 1409 3127 1410 3130; x_wconf 7' lang='grc' dir='ltr'><strong>Ἴ</strong></span> 
     </span>
     <span class='ocr_line' id='line_1_28' title="bbox 189 3144 1104 3215; baseline 0.002 -17"><span class='ocrx_word' id='word_1_232' title='bbox 189 3144 327 3198; x_wconf 89' lang='lat' dir='ltr'>dotandae</span> <span class='ocrx_word' id='word_1_233' title='bbox 345 3145 587 3212; x_wconf 85' lang='lat' dir='ltr'>esse.’—Cogitata</span> <span class='ocrx_word' id='word_1_234' title='bbox 599 3153 627 3200; x_wconf 86' lang='lat' dir='ltr'>et</span> <span class='ocrx_word' id='word_1_235' title='bbox 640 3147 712 3214; x_wconf 81' lang='lat' dir='ltr'>Visa,</span> <span class='ocrx_word' id='word_1_236' title='bbox 727 3148 758 3201; x_wconf 86' lang='lat' dir='ltr'>E.</span> <span class='ocrx_word' id='word_1_237' title='bbox 771 3147 825 3200; x_wconf 88' lang='lat' dir='ltr'>and</span> <span class='ocrx_word' id='word_1_238' title='bbox 839 3148 874 3212; x_wconf 84' lang='lat' dir='ltr'>S.‚</span> <span class='ocrx_word' id='word_1_239' title='bbox 887 3147 939 3202; x_wconf 87' lang='lat' dir='ltr'>vol.</span> <span class='ocrx_word' id='word_1_240' title='bbox 953 3147 988 3200; x_wconf 88' lang='lat' dir='ltr'>iii.</span> <span class='ocrx_word' id='word_1_241' title='bbox 1003 3163 1028 3215; x_wconf 93' lang='lat' dir='ltr'>p.</span> <span class='ocrx_word' id='word_1_242' title='bbox 1043 3150 1104 3200; x_wconf 81' lang='lat'>612.</span> 
     </span>
    </p>

    <p class='ocr_par' dir='ltr' id='par_1_7' title="bbox 187 3228 1341 3715">
     <span class='ocr_line' id='line_1_29' title="bbox 225 3228 1341 3299; baseline 0.003 -19"><span class='ocrx_word' id='word_1_243' title='bbox 225 3228 401 3298; x_wconf 74' lang='lat' dir='ltr'>‘Quinetiam</span> <span class='ocrx_word' id='word_1_244' title='bbox 413 3229 463 3282; x_wconf 90' lang='lat' dir='ltr'>illis</span> <span class='ocrx_word' id='word_1_245' title='bbox 475 3229 573 3297; x_wconf 91' lang='lat' dir='ltr'>quibus</span> <span class='ocrx_word' id='word_1_246' title='bbox 585 3229 612 3283; x_wconf 89' lang='lat' dir='ltr'>in</span> <span class='ocrx_word' id='word_1_247' title='bbox 623 3230 863 3299; x_wconf 87' lang='lat' dir='ltr'>contemplationis</span> <span class='ocrx_word' id='word_1_248' title='bbox 879 3245 1002 3283; x_wconf 85' lang='lat' dir='ltr'>amorem</span> <span class='ocrx_word' id='word_1_249' title='bbox 1018 3229 1109 3282; x_wconf 86' lang='lat' dir='ltr'>effusis</span> <span class='ocrx_word' id='word_1_250' title='bbox 1126 3228 1256 3299; x_wconf 85' lang='lat' dir='ltr'>frequens</span> <span class='ocrx_word' id='word_1_251' title='bbox 1269 3231 1341 3298; x_wconf 89' lang='lat' dir='ltr'>apud</span> 
     </span>
     <span class='ocr_line' id='line_1_30' title="bbox 188 3313 1340 3382; baseline 0.002 -18"><span class='ocrx_word' id='word_1_252' title='bbox 188 3327 239 3364; x_wconf 89' lang='lat' dir='ltr'>nos</span> <span class='ocrx_word' id='word_1_253' title='bbox 263 3327 378 3380; x_wconf 90' lang='lat' dir='ltr'>opernm</span> <span class='ocrx_word' id='word_1_254' title='bbox 403 3313 508 3366; x_wconf 89' lang='lat' dir='ltr'>mentio</span> <span class='ocrx_word' id='word_1_255' title='bbox 528 3328 655 3382; x_wconf 81' lang='lat' dir='ltr'>asperum</span> <span class='ocrx_word' id='word_1_256' title='bbox 677 3315 808 3382; x_wconf 89' lang='lat' dir='ltr'>quiddam</span> <span class='ocrx_word' id='word_1_257' title='bbox 832 3320 916 3382; x_wconf 90' lang='lat' dir='ltr'>atque</span> <span class='ocrx_word' id='word_1_258' title='bbox 938 3316 1074 3380; x_wconf 87' lang='lat' dir='ltr'>ingratum</span> <span class='ocrx_word' id='word_1_259' title='bbox 1099 3321 1129 3366; x_wconf 90' lang='lat' dir='ltr'>et</span> <span class='ocrx_word' id='word_1_260' title='bbox 1150 3314 1340 3368; x_wconf 86' lang='lat' dir='ltr'>mechanicum</span> 
     </span>
     <span class='ocr_line' id='line_1_31' title="bbox 187 3395 1340 3466; baseline 0.002 -18"><span class='ocrx_word' id='word_1_261' title='bbox 187 3401 277 3460; x_wconf 90' lang='lat' dir='ltr'>sonat,</span> <span class='ocrx_word' id='word_1_262' title='bbox 291 3395 501 3449; x_wconf 89' lang='lat' dir='ltr'>monstrabimus</span> <span class='ocrx_word' id='word_1_263' title='bbox 513 3403 647 3465; x_wconf 90' lang='lat' dir='ltr'>quantum</span> <span class='ocrx_word' id='word_1_264' title='bbox 664 3397 701 3450; x_wconf 86' lang='lat' dir='ltr'>illi</span> <span class='ocrx_word' id='word_1_265' title='bbox 715 3398 858 3451; x_wconf 89' lang='lat' dir='ltr'>desideriis</span> <span class='ocrx_word' id='word_1_266' title='bbox 870 3399 924 3450; x_wconf 92' lang='lat' dir='ltr'>suis</span> <span class='ocrx_word' id='word_1_267' title='bbox 937 3397 1052 3466; x_wconf 91' lang='lat' dir='ltr'>propriis</span> <span class='ocrx_word' id='word_1_268' title='bbox 1064 3399 1258 3464; x_wconf 85' lang='lat' dir='ltr'>adversentur;</span> <span class='ocrx_word' id='word_1_269' title='bbox 1277 3413 1340 3452; x_wconf 92' lang='lat' dir='ltr'>cum</span> 
     </span>
     <span class='ocr_line' id='line_1_32' title="bbox 187 3477 1340 3550; baseline 0.005 -21"><span class='ocrx_word' id='word_1_270' title='bbox 187 3477 291 3545; x_wconf 88' lang='lat' dir='ltr'>puritas</span> <span class='ocrx_word' id='word_1_271' title='bbox 310 3481 572 3548; x_wconf 85' lang='lat' dir='ltr'>contemplationum</span> <span class='ocrx_word' id='word_1_272' title='bbox 592 3487 676 3550; x_wconf 90' lang='lat' dir='ltr'>atque</span> <span class='ocrx_word' id='word_1_273' title='bbox 699 3481 866 3534; x_wconf 86' lang='lat' dir='ltr'>substructio</span> <span class='ocrx_word' id='word_1_274' title='bbox 890 3487 920 3533; x_wconf 90' lang='lat' dir='ltr'>et</span> <span class='ocrx_word' id='word_1_275' title='bbox 944 3482 1067 3534; x_wconf 86' lang='lat' dir='ltr'>inventio</span> <span class='ocrx_word' id='word_1_276' title='bbox 1089 3497 1206 3549; x_wconf 90' lang='lat' dir='ltr'>operum</span> <span class='ocrx_word' id='word_1_277' title='bbox 1230 3496 1340 3549; x_wconf 88' lang='lat' dir='ltr'>prorsus</span> 
     </span>
     <span class='ocr_line' id='line_1_33' title="bbox 187 3559 1339 3632; baseline 0.003 -19"><span class='ocrx_word' id='word_1_278' title='bbox 187 3559 290 3614; x_wconf 84' lang='lat' dir='ltr'>eisdem</span> <span class='ocrx_word' id='word_1_279' title='bbox 304 3562 384 3615; x_wconf 87' lang='lat' dir='ltr'>rebus</span> <span class='ocrx_word' id='word_1_280' title='bbox 397 3563 527 3630; x_wconf 86' lang='lat' dir='ltr'>nitantur,</span> <span class='ocrx_word' id='word_1_281' title='bbox 540 3578 572 3616; x_wconf 85' lang='lat' dir='ltr'>ac</span> <span class='ocrx_word' id='word_1_282' title='bbox 590 3563 669 3616; x_wconf 86' lang='lat' dir='ltr'>simul</span> <span class='ocrx_word' id='word_1_283' title='bbox 688 3563 1007 3632; x_wconf 79' lang='lat' dir='ltr'>perficiantur.&#39;-—Partis</span> <span class='ocrx_word' id='word_1_284' title='bbox 1020 3565 1161 3618; x_wconf 79' lang='lat' dir='ltr'>Secundae</span> <span class='ocrx_word' id='word_1_285' title='bbox 1174 3564 1339 3630; x_wconf 84' lang='lat' dir='ltr'>Delineatio,</span> 
     </span>
     <span class='ocr_line' id='line_1_34' title="bbox 190 3642 569 3715; baseline 0.005 -17"><span class='ocrx_word' id='word_1_286' title='bbox 190 3642 223 3698; x_wconf 88' lang='lat' dir='ltr'>E.</span> <span class='ocrx_word' id='word_1_287' title='bbox 236 3644 290 3696; x_wconf 88' lang='lat' dir='ltr'>and</span> <span class='ocrx_word' id='word_1_288' title='bbox 303 3646 338 3711; x_wconf 91' lang='lat' dir='ltr'>S.‚</span> <span class='ocrx_word' id='word_1_289' title='bbox 351 3647 404 3700; x_wconf 86' lang='lat' dir='ltr'>vol.</span> <span class='ocrx_word' id='word_1_290' title='bbox 417 3646 454 3699; x_wconf 87' lang='lat' dir='ltr'>iii.</span> <span class='ocrx_word' id='word_1_291' title='bbox 466 3662 493 3715; x_wconf 87' lang='lat' dir='ltr'>p.</span> <span class='ocrx_word' id='word_1_292' title='bbox 508 3663 569 3712; x_wconf 83' lang='lat'>549.</span> 
     </span>
    </p>

    <p class='ocr_par' dir='ltr' id='par_1_8' title="bbox 186 3726 1340 4034">
     <span class='ocr_line' id='line_1_35' title="bbox 224 3726 1340 3798; baseline 0.004 -20"><span class='ocrx_word' id='word_1_293' title='bbox 224 3726 271 3779; x_wconf 91' lang='lat' dir='ltr'>To</span> <span class='ocrx_word' id='word_1_294' title='bbox 291 3727 367 3782; x_wconf 89' lang='lat' dir='ltr'>these</span> <span class='ocrx_word' id='word_1_295' title='bbox 389 3744 513 3796; x_wconf 84' lang='lat' dir='ltr'>passages</span> <span class='ocrx_word' id='word_1_296' title='bbox 534 3727 621 3796; x_wconf 85' lang='lat' dir='ltr'>might</span> <span class='ocrx_word' id='word_1_297' title='bbox 642 3727 678 3782; x_wconf 92' lang='lat' dir='ltr'>be</span> <span class='ocrx_word' id='word_1_298' title='bbox 699 3728 788 3783; x_wconf 79' lang='lat' dir='ltr'>added</span> <span class='ocrx_word' id='word_1_299' title='bbox 809 3729 881 3784; x_wconf 87' lang='lat' dir='ltr'>Nov.</span> <span class='ocrx_word' id='word_1_300' title='bbox 902 3731 968 3798; x_wconf 85' lang='lat' dir='ltr'>Org.</span> <span class='ocrx_word' id='word_1_301' title='bbox 987 3731 1014 3785; x_wconf 91' lang='lat' dir='ltr'>ii.</span> <span class='ocrx_word' id='word_1_302' title='bbox 1032 3747 1081 3797; x_wconf 88' lang='lat'>49:</span> <span class='ocrx_word' id='word_1_303' title='bbox 1101 3731 1228 3784; x_wconf 82' lang='lat' dir='ltr'>‘Etenim</span> <span class='ocrx_word' id='word_1_304' title='bbox 1250 3730 1340 3798; x_wconf 79' lang='lat' dir='ltr'>ipsum</span> 
     </span>
     <span class='ocr_line' id='line_1_36' title="bbox 187 3811 1339 3883; baseline 0.003 -20"><span class='ocrx_word' id='word_1_305' title='bbox 187 3811 264 3864; x_wconf 84' lang='lat' dir='ltr'>Posse</span> <span class='ocrx_word' id='word_1_306' title='bbox 285 3818 316 3864; x_wconf 89' lang='lat' dir='ltr'>et</span> <span class='ocrx_word' id='word_1_307' title='bbox 336 3814 422 3881; x_wconf 89' lang='lat' dir='ltr'>ipsum</span> <span class='ocrx_word' id='word_1_308' title='bbox 446 3815 515 3868; x_wconf 81' lang='lat' dir='ltr'>Scire</span> <span class='ocrx_word' id='word_1_309' title='bbox 532 3819 658 3867; x_wconf 87' lang='lat' dir='ltr'>naturam</span> <span class='ocrx_word' id='word_1_310' title='bbox 679 3814 826 3868; x_wconf 90' lang='lat' dir='ltr'>humanam</span> <span class='ocrx_word' id='word_1_311' title='bbox 845 3815 1019 3883; x_wconf 85' lang='lat' dir='ltr'>amplificant,</span> <span class='ocrx_word' id='word_1_312' title='bbox 1036 3832 1091 3868; x_wconf 91' lang='lat' dir='ltr'>non</span> <span class='ocrx_word' id='word_1_313' title='bbox 1110 3815 1203 3869; x_wconf 88' lang='lat' dir='ltr'>beant.</span> <span class='ocrx_word' id='word_1_314' title='bbox 1240 3815 1339 3882; x_wconf 89' lang='lat' dir='ltr'>ltaque</span> 
     </span>
     <span class='ocr_line' id='line_1_37' title="bbox 187 3893 1339 3967; baseline 0.006 -22"><span class='ocrx_word' id='word_1_315' title='bbox 187 3893 360 3962; x_wconf 88' lang='lat' dir='ltr'>decerpenda</span> <span class='ocrx_word' id='word_1_316' title='bbox 381 3901 445 3949; x_wconf 90' lang='lat' dir='ltr'>sunt</span> <span class='ocrx_word' id='word_1_317' title='bbox 466 3913 501 3950; x_wconf 88' lang='lat' dir='ltr'>ex</span> <span class='ocrx_word' id='word_1_318' title='bbox 522 3897 697 3951; x_wconf 86' lang='lat' dir='ltr'>universitate</span> <span class='ocrx_word' id='word_1_319' title='bbox 717 3914 810 3953; x_wconf 88' lang='lat' dir='ltr'>rerum</span> <span class='ocrx_word' id='word_1_320' title='bbox 831 3914 865 3952; x_wconf 88' lang='lat' dir='ltr'>ea</span> <span class='ocrx_word' id='word_1_321' title='bbox 889 3915 959 3967; x_wconf 90' lang='lat' dir='ltr'>quae</span> <span class='ocrx_word' id='word_1_322' title='bbox 980 3900 1015 3952; x_wconf 85' lang='lat' dir='ltr'>ad</span> <span class='ocrx_word' id='word_1_323' title='bbox 1039 3915 1103 3952; x_wconf 91' lang='lat' dir='ltr'>usus</span> <span class='ocrx_word' id='word_1_324' title='bbox 1127 3900 1198 3952; x_wconf 82' lang='lat' dir='ltr'>vitae</span> <span class='ocrx_word' id='word_1_325' title='bbox 1220 3899 1339 3952; x_wconf 81' lang='lat' dir='ltr'>maxime</span> 
     </span>
     <span class='ocr_line' id='line_1_38' title="bbox 186 3977 311 4034; baseline 0 -2"><span class='ocrx_word' id='word_1_326' title='bbox 186 3977 311 4034; x_wconf 68' lang='lat' dir='ltr'>tactuum</span> 
     </span>
    </p>

    <p class='ocr_par' dir='ltr' id='par_1_9' title="bbox 182 4063 1339 4469">
     <span class='ocr_line' id='line_1_39' title="bbox 224 4063 1339 4136; baseline 0.002 -20"><span class='ocrx_word' id='word_1_327' title='bbox 224 4063 257 4116; x_wconf 93' lang='lat' dir='ltr'>ln</span> <span class='ocrx_word' id='word_1_328' title='bbox 271 4081 316 4132; x_wconf 91' lang='lat' dir='ltr'>my</span> <span class='ocrx_word' id='word_1_329' title='bbox 329 4071 409 4118; x_wconf 89' lang='lat' dir='ltr'>notes</span> <span class='ocrx_word' id='word_1_330' title='bbox 421 4081 457 4118; x_wconf 89' lang='lat' dir='ltr'>on</span> <span class='ocrx_word' id='word_1_331' title='bbox 471 4065 541 4134; x_wconf 76' lang='lat' dir='ltr'>Apis.</span> <span class='ocrx_word' id='word_1_332' title='bbox 556 4071 598 4133; x_wconf 84' lang='lat'>81,</span> <span class='ocrx_word' id='word_1_333' title='bbox 614 4066 625 4118; x_wconf 96' lang='lat' dir='ltr'>l</span> <span class='ocrx_word' id='word_1_334' title='bbox 640 4065 708 4120; x_wconf 87' lang='lat' dir='ltr'>have</span> <span class='ocrx_word' id='word_1_335' title='bbox 719 4067 829 4134; x_wconf 85' lang='lat' dir='ltr'>already</span> <span class='ocrx_word' id='word_1_336' title='bbox 841 4066 932 4120; x_wconf 90' lang='lat' dir='ltr'>stated</span> <span class='ocrx_word' id='word_1_337' title='bbox 944 4083 992 4136; x_wconf 91' lang='lat' dir='ltr'>my</span> <span class='ocrx_word' id='word_1_338' title='bbox 1003 4083 1114 4122; x_wconf 89' lang='lat' dir='ltr'>reasons</span> <span class='ocrx_word' id='word_1_339' title='bbox 1133 4065 1177 4121; x_wconf 83' lang='lat' dir='ltr'>for</span> <span class='ocrx_word' id='word_1_340' title='bbox 1194 4065 1339 4136; x_wconf 84' lang='lat' dir='ltr'>regarding</span> 
     </span>
     <span class='ocr_line' id='line_1_40' title="bbox 187 4145 1337 4219; baseline 0.003 -20"><span class='ocrx_word' id='word_1_341' title='bbox 187 4145 304 4200; x_wconf 83' lang='lat' dir='ltr'>Bacon’s</span> <span class='ocrx_word' id='word_1_342' title='bbox 325 4151 490 4217; x_wconf 76' lang='lat' dir='ltr'>conception</span> <span class='ocrx_word' id='word_1_343' title='bbox 512 4148 545 4204; x_wconf 84' lang='lat' dir='ltr'>of</span> <span class='ocrx_word' id='word_1_344' title='bbox 563 4149 611 4204; x_wconf 90' lang='lat' dir='ltr'>the</span> <span class='ocrx_word' id='word_1_345' title='bbox 630 4151 699 4204; x_wconf 89' lang='lat' dir='ltr'>ends</span> <span class='ocrx_word' id='word_1_346' title='bbox 718 4149 750 4204; x_wconf 90' lang='lat' dir='ltr'>of</span> <span class='ocrx_word' id='word_1_347' title='bbox 769 4150 938 4218; x_wconf 84' lang='lat' dir='ltr'>knowledge,</span> <span class='ocrx_word' id='word_1_348' title='bbox 960 4167 1001 4218; x_wconf 92' lang='lat' dir='ltr'>or,</span> <span class='ocrx_word' id='word_1_349' title='bbox 1021 4158 1049 4205; x_wconf 89' lang='lat' dir='ltr'>at</span> <span class='ocrx_word' id='word_1_350' title='bbox 1070 4152 1146 4219; x_wconf 89' lang='lat' dir='ltr'>least,</span> <span class='ocrx_word' id='word_1_351' title='bbox 1166 4152 1227 4205; x_wconf 91' lang='lat' dir='ltr'>that</span> <span class='ocrx_word' id='word_1_352' title='bbox 1250 4151 1337 4204; x_wconf 89' lang='lat' dir='ltr'>which</span> 
     </span>
     <span class='ocr_line' id='line_1_41' title="bbox 185 4229 1338 4302; baseline 0.005 -20"><span class='ocrx_word' id='word_1_353' title='bbox 185 4229 209 4282; x_wconf 91' lang='lat' dir='ltr'>is</span> <span class='ocrx_word' id='word_1_354' title='bbox 227 4237 299 4283; x_wconf 88' lang='lat' dir='ltr'>most</span> <span class='ocrx_word' id='word_1_355' title='bbox 317 4233 477 4299; x_wconf 87' lang='lat' dir='ltr'>prominent</span> <span class='ocrx_word' id='word_1_356' title='bbox 495 4233 523 4285; x_wconf 90' lang='lat' dir='ltr'>in</span> <span class='ocrx_word' id='word_1_357' title='bbox 548 4232 590 4286; x_wconf 86' lang='lat' dir='ltr'>his</span> <span class='ocrx_word' id='word_1_358' title='bbox 608 4234 707 4300; x_wconf 79' lang='lat' dir='ltr'>works,</span> <span class='ocrx_word' id='word_1_359' title='bbox 726 4251 754 4288; x_wconf 90' lang='lat' dir='ltr'>as</span> <span class='ocrx_word' id='word_1_360' title='bbox 778 4235 875 4302; x_wconf 80' lang='lat' dir='ltr'>partial</span> <span class='ocrx_word' id='word_1_361' title='bbox 900 4235 954 4288; x_wconf 83' lang='lat' dir='ltr'>and</span> <span class='ocrx_word' id='word_1_362' title='bbox 979 4233 1150 4290; x_wconf 80' lang='lat' dir='ltr'>insufficient.</span> <span class='ocrx_word' id='word_1_363' title='bbox 1197 4235 1229 4287; x_wconf 83' lang='lat' dir='ltr'>ln</span> <span class='ocrx_word' id='word_1_364' title='bbox 1249 4251 1265 4288; x_wconf 90' lang='lat' dir='ltr'>a</span> <span class='ocrx_word' id='word_1_365' title='bbox 1283 4233 1338 4288; x_wconf 83' lang='lat' dir='ltr'>few</span> 
     </span>
     <span class='ocr_line' id='line_1_42' title="bbox 184 4313 1338 4388; baseline 0.004 -22"><span class='ocrx_word' id='word_1_366' title='bbox 184 4313 284 4382; x_wconf 86' lang='lat' dir='ltr'>places,</span> <span class='ocrx_word' id='word_1_367' title='bbox 302 4315 440 4384; x_wconf 85' lang='lat' dir='ltr'>however,</span> <span class='ocrx_word' id='word_1_368' title='bbox 458 4332 487 4368; x_wconf 88' lang='lat' dir='ltr'>as</span> <span class='ocrx_word' id='word_1_369' title='bbox 506 4316 533 4369; x_wconf 89' lang='lat' dir='ltr'>in</span> <span class='ocrx_word' id='word_1_370' title='bbox 552 4317 601 4370; x_wconf 89' lang='lat' dir='ltr'>the</span> <span class='ocrx_word' id='word_1_371' title='bbox 617 4323 729 4385; x_wconf 88' lang='lat' dir='ltr'>present</span> <span class='ocrx_word' id='word_1_372' title='bbox 748 4319 901 4386; x_wconf 82' lang='lat' dir='ltr'>Aphorism,</span> <span class='ocrx_word' id='word_1_373' title='bbox 918 4318 955 4371; x_wconf 93' lang='lat' dir='ltr'>he</span> <span class='ocrx_word' id='word_1_374' title='bbox 976 4319 1043 4372; x_wconf 86' lang='lat' dir='ltr'>rises</span> <span class='ocrx_word' id='word_1_375' title='bbox 1063 4319 1149 4372; x_wconf 83' lang='lat' dir='ltr'>abore</span> <span class='ocrx_word' id='word_1_376' title='bbox 1167 4318 1216 4372; x_wconf 89' lang='lat' dir='ltr'>the</span> <span class='ocrx_word' id='word_1_377' title='bbox 1233 4319 1338 4388; x_wconf 89' lang='lat' dir='ltr'>merely</span> 
     </span>
     <span class='ocr_line' id='line_1_43' title="bbox 182 4397 975 4469; baseline 0.009 -20"><span class='ocrx_word' id='word_1_378' title='bbox 182 4397 314 4468; x_wconf 83' lang='lat' dir='ltr'>practical</span> <span class='ocrx_word' id='word_1_379' title='bbox 327 4399 404 4467; x_wconf 86' lang='lat' dir='ltr'>view,</span> <span class='ocrx_word' id='word_1_380' title='bbox 416 4407 447 4452; x_wconf 89' lang='lat' dir='ltr'>to</span> <span class='ocrx_word' id='word_1_381' title='bbox 459 4400 548 4454; x_wconf 86' lang='lat' dir='ltr'>which</span> <span class='ocrx_word' id='word_1_382' title='bbox 562 4400 596 4454; x_wconf 87' lang='lat' dir='ltr'>he</span> <span class='ocrx_word' id='word_1_383' title='bbox 608 4401 712 4469; x_wconf 86' lang='lat' dir='ltr'>usually</span> <span class='ocrx_word' id='word_1_384' title='bbox 725 4403 846 4457; x_wconf 81' lang='lat' dir='ltr'>attaches</span> <span class='ocrx_word' id='word_1_385' title='bbox 857 4401 975 4456; x_wconf 81' lang='lat' dir='ltr'>himselt</span> 
     </span>
    </p>

    <p class='ocr_par' dir='ltr' id='par_1_10' title="bbox 181 4477 1338 4636">
     <span class='ocr_line' id='line_1_44' title="bbox 223 4477 1338 4556; baseline 0.003 -21"><span class='ocrx_word' id='word_1_386' title='bbox 223 4477 245 4511; x_wconf 76' lang='lat'>⁵⁸</span> <span class='ocrx_word' id='word_1_387' title='bbox 263 4482 314 4550; x_wconf 93' lang='lat' dir='ltr'>Cp.</span> <span class='ocrx_word' id='word_1_388' title='bbox 326 4483 415 4536; x_wconf 87' lang='lat' dir='ltr'>Filum</span> <span class='ocrx_word' id='word_1_389' title='bbox 425 4483 596 4554; x_wconf 61' lang='lat' dir='ltr'>Labyrinthh</span> <span class='ocrx_word' id='word_1_390' title='bbox 608 4485 664 4539; x_wconf 87' lang='lat' dir='ltr'>sive</span> <span class='ocrx_word' id='word_1_391' title='bbox 676 4486 820 4556; x_wconf 83' lang='lat' dir='ltr'>Inquisitio</span> <span class='ocrx_word' id='word_1_392' title='bbox 830 4487 966 4554; x_wconf 87' lang='lat' dir='ltr'>Legitima</span> <span class='ocrx_word' id='word_1_393' title='bbox 977 4485 1013 4540; x_wconf 90' lang='lat' dir='ltr'>de</span> <span class='ocrx_word' id='word_1_394' title='bbox 1026 4485 1117 4554; x_wconf 83' lang='lat' dir='ltr'>Motu,</span> <span class='ocrx_word' id='word_1_395' title='bbox 1127 4485 1160 4540; x_wconf 87' lang='lat' dir='ltr'>E.</span> <span class='ocrx_word' id='word_1_396' title='bbox 1172 4486 1226 4539; x_wconf 83' lang='lat' dir='ltr'>and</span> <span class='ocrx_word' id='word_1_397' title='bbox 1239 4487 1274 4552; x_wconf 82' lang='lat' dir='ltr'>S.‚</span> <span class='ocrx_word' id='word_1_398' title='bbox 1284 4485 1338 4546; x_wconf 79' lang='lat' dir='ltr'>vol.</span> 
     </span>
     <span class='ocr_line' id='line_1_45' title="bbox 181 4561 388 4636; baseline 0.029 -18"><span class='ocrx_word' id='word_1_399' title='bbox 181 4561 219 4618; x_wconf 84' lang='lat' dir='ltr'>tii.</span> <span class='ocrx_word' id='word_1_400' title='bbox 230 4579 276 4636; x_wconf 90' lang='lat' dir='ltr'>pp.</span> <span class='ocrx_word' id='word_1_401' title='bbox 291 4567 388 4633; x_wconf 80' lang='lat'>637-8.</span> 
     </span>
    </p>

    <p class='ocr_par' dir='ltr' id='par_1_11' title="bbox 729 4671 792 4724">
     <span class='ocr_line' id='line_1_46' title="bbox 729 4671 792 4724; baseline 0.032 -2"><span class='ocrx_word' id='word_1_402' title='bbox 729 4671 792 4724; x_wconf 73' lang='grc' dir='ltr'>Ἡ</span> 
     </span>
    </p>
   </div>
   <div class='ocr_carea' id='block_1_5' title="bbox 0 0 1666 5110">
    <p class='ocr_par' dir='ltr' id='par_1_12' title="bbox 0 0 1666 5110">
     <span class='ocr_line' id='line_1_47' title="bbox 0 0 1666 5110; baseline 0 3"><span class='ocrx_word' id='word_1_403' title='bbox 0 0 1666 5110; x_wconf 95' lang='lat' dir='ltr'> </span> 
     </span>
    </p>
   </div>
  </div>
 </body>
</html>
