3308 5106
292 365 331 448 78
702 372 1032 441 rnrnonucrron.

291 550 321 608 in
333 549 378 607 his
388 545 573 625 philosophy,
584 546 636 606 but
647 544 746 604 allows
757 543 818 604 that
829 543 910 604 these
922 563 971 605 are
983 545 1088 606 almost
1099 545 1302 606 unavoidable.
1338 546 1446 607 Inone

291 649 383 725 place,
393 649 430 706 he
441 647 529 706 offers
543 665 561 705 a
575 646 690 705 curious
705 644 893 720 explanation
907 643 941 702 of
949 643 1110 705 Aristotle's
1125 647 1282 724 obscurity.
1321 645 1371 706 He
1386 648 1445 708 had

292 765 326 806 so
341 746 455 822 bitterly
467 744 602 804 attacked
616 744 661 802 his
675 743 880 820 predecessors
896 742 956 801 that
970 743 1007 801 he
1021 743 1118 803 feared
1132 745 1294 805 retaliation
1309 745 1385 804 from
1400 745 1445 806 his

292 863 467 915 successors,
482 845 541 904 and
555 842 697 902 therefore
711 841 869 919 purposely
883 841 969 901 made
983 842 1028 902 his
1049 843 1194 920 language
1213 845 1399 921 ambiguous,
1414 846 1446 904 in

293 944 378 1003 order
392 954 423 1002 to
437 943 523 1002 baffle
538 944 717 1020 opposition.
760 940 822 1000 ‘Ea
836 941 898 1000 res'
914 939 1043 1020 (namely
1056 942 1219 1004 Aristotle's
1235 945 1445 1020 misrepresen-

293 1043 385 1102 tation
407 1041 442 1101 of
459 1042 507 1101 the
528 1041 666 1118 opinions
688 1041 723 1098 of
740 1040 788 1101 the
808 1040 891 1100 older
911 1040 1129 1117 philosophare)
1146 1047 1228 1102 ‘non
1250 1043 1347 1103 solum
1362 1062 1444 1104 veras

292 1143 475 1219 antiquomm
504 1141 662 1200 sententias
686 1141 772 1200 nobis
801 1139 918 1211 ademit,
940 1158 1017 1216 quae
1046 1140 1185 1228 fortassis·
1201 1143 1314 1218 jactura
1342 1142 1445 1202 fuisset

292 1241 457 1312 tolerabilis,
482 1259 590 1312 vemm,
612 1239 693 1317 quod
721 1249 764 1298 est
792 1239 916 1315 gravius,
938 1239 1125 1300 Aristotelem
1153 1242 1239 1302 nobis
1266 1242 1444 1302 timidiorem

292 1339 387 1398 effecit
404 1340 442 1398 ad
460 1338 657 1416 eloquendum
679 1357 755 1416 quae
775 1339 901 1408 sentiret,
916 1349 1099 1414 reputantem
1118 1340 1226 1400 scilicet
1245 1341 1327 1418 quod
1347 1351 1390 1400 est
1412 1342 1444 1399 in

293 1441 400 1498 mimo:
423 1440 471 1498 Ab
490 1440 546 1498 alio
561 1451 707 1514 expectes,
723 1439 803 1497 alteri
824 1437 904 1514 quod
926 1437 1028 1498 feceris
1038 1438 1076 1498 ⁷⁴!
1112 1440 1275 1499 Aristotle’s
1290 1451 1444 1500 treatment

292 1539 327 1598 of
350 1539 395 1598 his
416 1539 621 1616 predecessors
648 1539 673 1597 is
695 1536 799 1598 turned
825 1538 887 1596 into
909 1555 947 1595 an
969 1548 1123 1614 argument
1142 1539 1188 1599 for
1210 1540 1376 1617 subjecting
1397 1539 1442 1598 his

290 1658 357 1698 own
372 1639 510 1714 opinions
524 1647 555 1696 to
573 1639 779 1696 examination.
822 1636 920 1709 ‘Quid
933 1638 1106 1698 Aristoteles
1125 1639 1198 1715 ipse,
1213 1658 1251 1700 an
1272 1657 1335 1698 non
1356 1657 1442 1716 supe-

290 1739 400 1797 riorum
414 1739 548 1796 omnium
562 1737 669 1812 placita
683 1735 845 1796 convellere
860 1746 903 1793 est
918 1739 1026 1795 ausus?
1048 1739 1135 1797 nobis
1151 1739 1317 1798 examinare
1339 1738 1442 1798 saltem

290 1853 458 1894 accensere
474 1835 555 1894 nefas
568 1835 641 1894 erit?
662 1834 832 1911 praesertim
846 1834 936 1911 quod,
951 1845 982 1894 ut
1003 1833 1115 1896 Seneca
1135 1837 1280 1913 sapienter
1298 1838 1375 1908 dicit,
1391 1838 1441 1914 qui

290 1945 358 1994 ante
384 1951 439 1992 nos
462 1935 517 1992 ista
538 1943 699 2006 movemnt,
715 1952 776 1992 non
800 1934 912 1992 domini
935 1934 1036 2004 nostri,
1052 1935 1105 1993 sed
1127 1937 1218 1994 duces
1240 1945 1315 1994 sunt.
1357 1933 1442 1994 Patet

289 2036 427 2094 omnibus
442 2035 554 2104 veritas,
569 2035 702 2093 nondum
717 2045 760 2094 est
779 2045 931 2111 occupata.
975 2033 1102 2093 Multum
1120 2054 1156 2093 err
1171 2035 1219 2093 illa
1235 2036 1323 2093 etiam
1338 2035 1441 2094 futuris

289 2133 419 2192 relictum
440 2143 483 2192 est
494 2131 533 2191 ⁷⁶!
576 2132 642 2192 The
663 2133 820 2209 obscurity,
842 2133 1009 2210 ambiguity,
1030 2133 1088 2192 and
1110 2134 1234 2211 subtlety
1248 2133 1284 2194 of
1301 2135 1440 2194 Aristotle

290 2232 315 2290 is
330 2251 348 2289 a
362 2232 460 2290 theme
475 2241 506 2290 to
517 2232 609 2291 which
624 2231 662 2290 he
675 2231 839 2307 constantly
851 2243 966 2290 reverts.
1002 2231 1078 2290 ‘Sed
1093 2232 1181 2291 redeo
1193 2233 1255 2309 jam
1266 2233 1304 2291 ad
1318 2251 1440 2310 eaquae

290 2331 326 2390 de
342 2330 503 2390 Aristotelis
517 2331 655 2407 operibus
670 2349 826 2407 coeperam
842 2329 945 2388 dicere.
987 2329 1067 2389 Vicit
1081 2331 1126 2390 ille
1142 2332 1261 2409 quidem
1277 2333 1440 2408 superiores

289 2449 394 2490 omnes
408 2442 494 2506 atque
508 2431 596 2488 etiam
610 2439 752 2507 posteros,
767 2439 811 2488 est
825 2441 923 2487 autem
938 2429 968 2486 in
983 2429 1151 2489 definiendo
1162 2430 1240 2489 vafer
1254 2441 1283 2489 et
1298 2431 1440 2498 occultus,

289 2529 365 2589 adeo
380 2539 411 2588 ut
432 2529 569 2606 pleraque
584 2533 641 2588 sint
655 2529 763 2588 idcirco
778 2528 808 2586 in
824 2528 886 2604 ejus
905 2527 1088 2605 philosophia
1110 2530 1221 2589 incerta
1241 2541 1269 2589 et
1291 2529 1439 2606 perplexa,

288 2648 392 2707 parum
407 2630 495 2688 etiam
509 2647 584 2700 vera,
599 2629 670 2688 dum
685 2627 778 2703 magis
793 2636 880 2698 curat,
895 2644 984 2702 quem
999 2630 1028 2685 in
1044 2629 1165 2687 modurn
1181 2627 1439 2704 reprehensionem

289 2729 432 2800 excludat,
447 2748 535 2806 quarn
550 2739 581 2786 ut
596 2737 705 2788 asserat
718 2745 826 2784 vemm.
849 2725 866 2762 *
891 2727 908 2763 *
932 2727 948 2762 *
971 2727 988 2763 *
1011 2725 1070 2785 Sed
1084 2729 1232 2786 enimvero
1255 2745 1350 2804 neque
1365 2727 1439 2786 haec

288 2827 353 2904 ipsa
367 2828 529 2887 Aristotelis
542 2828 690 2886 volumina
710 2823 883 2903 potuerunt*
903 2820 956 2906 [sc.
972 2821 1149 2907 nominales]
1173 2826 1358 2903 ‘intelligere,
1380 2827 1439 2904 pri·

289 2945 372 2985 mum
391 2937 510 3003 propter
530 2927 709 2986 locutionem
732 2926 889 2994 astrictam,
907 2935 935 2984 et
957 2944 994 2984 ex
1018 2927 1157 2985 brevitate
1181 2928 1346 2998 obscuram,
1369 2926 1439 2985 hinc

288 3034 406 3102 propter
420 3027 565 3086 intricatas
580 3037 607 3084 et
621 3026 754 3101 obliquas
769 3026 936 3096 sententias,
948 3036 1010 3084 tum
1025 3027 1112 3085 etlam
1127 3027 1166 3084 ob
1180 3027 1354 3086 immodicas
1369 3027 1439 3085 sub-

286 3125 412 3196 tilitates,
425 3125 530 3199 quibus
545 3124 713 3183 Aristoteles
727 3124 898 3201 plerumque
913 3143 974 3183 non
989 3126 1104 3184 exacuit
1117 3126 1242 3201 ingenia,
1255 3125 1306 3184 sed
1322 3136 1435 3202 pertur-

287 3223 337 3282 bat
359 3232 388 3281 et
410 3221 524 3298 frangit,
547 3223 739 3298 tenebrasque
762 3231 791 3280 et
815 3220 1070 3282 hallucinationem
1093 3224 1203 3282 inducit
1223 3225 1294 3282 aciei
1319 3225 1435 3295 mentis,

288 3322 359 3381 dum
379 3331 500 3380 conatur
517 3321 652 3381 minutias
669 3323 812 3399 quasdam
832 3323 1015 3382 tenuissimas
1033 3323 1195 3394 ostendere,
1210 3334 1238 3382 et
1257 3323 1371 3382 inutiles
1385 3341 1439 3400 per

287 3439 327 3491 se,
343 3431 371 3479 et
385 3438 461 3496 quae
476 3419 666 3479 intentionem
681 3422 799 3480 obtutus
812 3421 922 3498 ingenii
937 3419 1147 3498 subterfugiant
1165 3439 1200 3480 ac
1215 3419 1435 3482 fmstrentur⁷⁸.'

287 3517 372 3576 More
388 3517 569 3594 specifically,
584 3516 673 3576 Vives
694 3519 806 3578 attacks
827 3519 875 3577 the
897 3519 974 3593 logie
995 3517 1029 3577 of
1040 3519 1177 3578 Aristotle
1192 3519 1221 3576 in
1235 3530 1325 3578 terms
1340 3519 1435 3579 which

286 3618 363 3678 recal
376 3629 406 3676 to
423 3635 459 3678 us
480 3617 529 3675 the
548 3617 692 3694 language
714 3617 747 3676 of
758 3618 868 3690 Bacon‚
884 3619 943 3677 and
961 3617 1087 3694 perhaps
1102 3618 1157 3677 still
1172 3637 1254 3677 more
1268 3618 1303 3677 of
1314 3617 1437 3678 Remus

319 3818 339 3850 ⁷⁴
356 3819 412 3869 Lib.
425 3819 442 3868 i.
455 3819 526 3868 Basle
539 3819 585 3866 Ed.
597 3817 626 3867 of
637 3829 707 3879 1555,
720 3834 744 3883 p.
758 3819 813 3880 33⁸·

283 3899 286 3910 '
316 3897 337 3928 '⁵
353 3899 382 3948 In
394 3899 472 3946 libros
482 3897 513 3946 de
526 3895 670 3962 Disciplinis
681 3896 812 3946 Praefatio.
840 3895 879 3946 Id.
893 3913 917 3962 p.
933 3908 988 3958 3²5.
1017 3897 1046 3946 In
1059 3896 1101 3946 the
1113 3902 1211 3946 context
1222 3894 1252 3945 of
1263 3895 1313 3945 this
1325 3911 1439 3962 passage,

285 3977 353 4028 there
365 3993 406 4026 are
418 3975 511 4025 several
523 3985 649 4024 sentences
658 3974 740 4024 which
757 3975 850 4023 remind
868 3991 896 4023 us
912 3975 941 4024 of
955 3975 1047 4024 Bacon.
1080 3974 1157 4028 Thus.
1168 3974 1199 4023 he
1209 3989 1265 4037 says
1277 3973 1332 4023 tlrat
1349 3982 1439 4024 nature

285 4057 307 4105 is
318 4063 363 4105 not
375 4055 445 4104 effete
457 4070 486 4104 or
497 4053 639 4108 exhausted,
650 4061 692 4102 ‘ut
704 4052 765 4102 nihil
777 4053 899 4118 prioribus
911 4053 981 4102 annis
993 4053 1074 4103 simile
1085 4053 1181 4118 pariat,
1191 4054 1236 4102 but
1249 4052 1331 4102 rather
1344 4051 1386 4102 the
1397 4069 1440 4102 ex·

285 4134 399 4199 perience
411 4131 439 4181 of
453 4131 495 4181 the
512 4139 568 4196 past
581 4131 659 4195 ought
671 4138 697 4180 to
715 4131 803 4179 enable
813 4146 843 4179 us
854 4131 892 4179 far
903 4138 930 4180 to
947 4131 1055 4195 outstrip
1073 4147 1118 4181 our
1136 4131 1313 4196 predecessors.
1347 4131 1383 4179 At
1395 4130 1439 4180 the

285 4229 353 4262 same
364 4213 430 4268 time,
442 4211 473 4260 he
485 4211 571 4260 claims
582 4225 616 4259 no
628 4208 774 4274 superiority
785 4209 824 4258 for
834 4208 940 4265 himself,
949 4225 994 4260 nor
1005 4210 1066 4260 does
1076 4210 1109 4259 he
1119 4211 1170 4258 airn
1183 4217 1209 4258 at
1217 4208 1339 4273 founding
1350 4225 1365 4258 a
1377 4216 1438 4259 sect.

285 4293 387 4355 ‘Neque
395 4306 454 4339 vero
465 4290 518 4355 ipse
526 4289 626 4352 aequari
633 4303 673 4336 me
681 4287 788 4352 antiquis
797 4286 847 4336 illis
855 4287 961 4351 postulo,
970 4289 1013 4338 sed
1022 4289 1129 4338 rationes
1137 4303 1222 4337 eorum
1231 4287 1371 4350 comparari
1380 4302 1439 4336 cum

284 4368 362 4419 meis!
397 4367 533 4431 ‘Equidem
548 4373 575 4417 ut
590 4367 621 4416 de
635 4381 675 4415 me
691 4381 741 4415 uno
759 4365 854 4430 loquar,
868 4367 946 4415 nolim
964 4381 1102 4432 quenquam
1120 4381 1146 4416 se
1163 4365 1225 4414 mihi
1242 4365 1371 4415 addicere:
1390 4380 1439 4415 nec

284 4453 357 4498 autor
367 4461 475 4509 unquam
487 4453 576 4504 sectae,
588 4460 634 4496 nec
645 4459 731 4494 suasor
742 4459 792 4500 ero,
805 4443 884 4493 etiam
895 4445 914 4493 si
925 4445 950 4494 in
963 4460 1019 4494 mea
1031 4446 1106 4496 verba
1115 4444 1247 4508 jurandum
1259 4443 1307 4492 sit.¹

315 4523 335 4555 '⁸
351 4524 392 4574 De
405 4523 493 4574 Causis
504 4524 683 4588 Corruptarum
696 4521 803 4579 Artium,
814 4520 858 4572 lib.
870 4538 893 4572 w.
906 4523 977 4573 Rasle
989 4523 1092 4573 Edition
1106 4523 1135 4574 of
1147 4536 1217 4586 1555,
1230 4537 1254 4587 p.
1267 4534 1325 4586 410.
