3324 5110
313 403 377 472 320
690 392 847 450 novum
868 393 1087 450 onoxrvrnv.

315 555 446 623 saecula
461 556 644 622 occidentia
660 566 693 621 et
709 557 849 621 orientia
867 557 941 635 sint,
957 577 1058 640 quam
1076 556 1264 621 hominibus
1283 577 1380 622 curae
1398 578 1470 624 esse

314 664 445 739 debere,
460 673 568 726 utrum
585 663 702 725 Novus
718 662 817 727 Orbis
837 662 934 727 fuerit
955 662 1061 726 insula
1083 661 1139 725 illa
1157 661 1340 726 Atlantis⁴⁵
1360 673 1394 728 et
1413 686 1471 727 ve-

314 766 376 829 teri
399 764 522 830 mundo
545 767 686 848 cognita,
708 786 751 830 an
775 784 860 829 nunc
883 766 1025 848 primum
1049 775 1187 848 reperta.
1233 765 1358 829 Rerum
1381 769 1470 831 enim

315 870 460 934 inventio
475 889 497 934 a
518 880 654 934 naturae
676 869 749 934 luce
770 870 924 951 petenda,
942 890 1009 933 non
1031 869 1074 934 ab
1096 870 1303 952 antiquitatis
1325 872 1470 934 tenebris

315 976 496 1059 repetenda
512 983 571 1039 est.

359 1079 459 1163 Quod
486 1099 564 1143 vero
590 1077 632 1141 ad
662 1078 877 1143 universalem
905 1078 1003 1141 istam
1028 1079 1316 1160 reprehensionem
1339 1081 1468 1153 attinet,

315 1183 531 1247 certissimum
548 1192 598 1247 est
613 1202 689 1246 vere
705 1201 774 1245 rem
795 1182 972 1263 reputanti,
988 1201 1062 1244 eam
1083 1191 1116 1244 et
1137 1182 1243 1264 magis
1262 1182 1467 1265 probabilem

315 1309 386 1351 esse
401 1297 434 1351 et
455 1287 560 1368 magis
582 1287 777 1362 modestam,
793 1305 894 1367 quarn
917 1285 943 1348 si
967 1283 1054 1348 laeta
1077 1283 1192 1348 suisset
1214 1306 1257 1348 ex
1281 1296 1384 1367 parte.
1430 1285 1469 1350 Si

316 1393 404 1458 enim
427 1391 460 1453 in
483 1389 596 1473 primis
619 1389 807 1453 notionibus
830 1407 954 1452 errores
975 1388 1113 1452 radicati
1141 1409 1207 1452 non
1229 1389 1375 1468 fuissent,
1398 1388 1468 1452 heri
1526 1409 1531 1417 ·

316 1514 381 1558 non
394 1495 557 1577 potuisset
568 1493 647 1576 quin
660 1492 817 1556 nonnulla
828 1502 915 1555 recte
927 1491 1060 1554 inventa
1072 1492 1137 1554 alia
1151 1511 1323 1574 perperam
1336 1494 1468 1557 inventa

316 1598 543 1662 correxissent.
590 1595 657 1660 Sed
681 1615 756 1659 cum
780 1614 904 1658 errores
926 1593 1191 1658 fundamentales
1217 1595 1344 1676 fuerint,
1366 1606 1468 1679 atque

315 1702 487 1784 ejusmodi,
504 1709 540 1764 ut
562 1700 713 1764 homines
733 1699 843 1781 potius
865 1719 916 1761 res
939 1698 1147 1780 neglexerint
1170 1720 1209 1764 ac
1232 1701 1469 1782 praeterierint,

315 1827 417 1888 quam
439 1805 482 1870 de
504 1804 569 1868 illis
591 1824 728 1886 pravum
750 1813 809 1867 aut
830 1802 949 1866 salsum
969 1801 1130 1883 judicium
1152 1802 1308 1880 fecerint;
1332 1805 1468 1869 minime

316 1909 434 1973 mirum
457 1918 519 1985 est,
539 1908 566 1971 si
589 1907 739 1970 homines
762 1907 795 1969 id
818 1926 885 1969 non
908 1905 1107 1969 obtinuerint
1130 1907 1219 1988 quod
1241 1927 1308 1971 non
1332 1909 1468 1990 egerint,

316 2033 375 2077 nec
390 2011 433 2076 ad
450 2020 573 2075 metam
592 2009 798 2092 pervenerint
814 2029 915 2092 quam
932 2028 997 2073 non
1013 2009 1180 2091 posuerint
1196 2019 1253 2074 aut
1268 2010 1467 2090 collocarint,

316 2136 423 2198 neque
437 2115 525 2178 viam
541 2113 665 2177 emensi
681 2112 746 2175 sint
761 2132 861 2194 quam
879 2132 943 2174 non
960 2111 1094 2194 ingressi
1109 2113 1175 2176 sint
1190 2123 1248 2177 aut
1263 2112 1468 2179 tenuerint⁴⁶.

358 2217 475 2301 Atque
486 2217 694 2281 insolentiam
710 2215 754 2278 rei
766 2216 856 2297 quod
869 2216 1009 2293 attinet;
1032 2225 1120 2279 certe
1136 2215 1163 2278 si
1175 2217 1247 2298 quis
1260 2238 1377 2282 manus
1389 2238 1468 2281 con-

315 2322 438 2386 stantia
452 2331 553 2405 atque
575 2319 660 2384 oculi
680 2319 792 2399 vigore
814 2318 934 2383 lineam
958 2319 1062 2402 magis
1085 2326 1209 2382 rectam
1231 2329 1289 2385 aut
1311 2321 1466 2384 circulum

316 2425 421 2507 magis
433 2425 612 2507 perfectum
627 2443 662 2486 se
674 2423 857 2486 describere
868 2441 965 2504 posse
977 2443 1077 2506 quam
1089 2422 1190 2485 alium
1202 2425 1392 2506 quempiam
1405 2424 1467 2488 sibi

314 2537 469 2607 assumat,
485 2528 649 2590 inducitur
663 2526 788 2590 scilicet
802 2524 968 2589 facultatis
986 2527 1207 2606 comparatio:
1238 2526 1328 2608 quod
1348 2527 1375 2590 si
1394 2527 1467 2609 quis

314 2640 440 2696 asserat
455 2653 490 2694 se
502 2631 651 2696 adhibita
664 2630 776 2712 regula
786 2639 844 2693 aut
853 2630 1076 2694 circumducto
1088 2631 1207 2692 circino
1223 2629 1344 2694 lineam
1361 2632 1467 2714 magis

316 2746 440 2802 rectam
460 2746 519 2799 aut
540 2734 695 2798 circulum
717 2734 821 2816 magis
839 2734 1021 2816 perlectum
1043 2753 1139 2816 posse
1159 2733 1350 2812 describere,
1365 2754 1466 2816 quam

314 2839 458 2923 aliquem
474 2839 574 2902 alium
591 2838 622 2901 vi
638 2837 708 2901 sola
731 2838 817 2901 oculi
841 2847 875 2902 et
898 2857 1023 2914 manua,
1039 2838 1065 2901 is
1087 2847 1177 2901 certe
1199 2857 1265 2900 non
1285 2838 1466 2902 admodum

312 2941 457 3023 jactator
467 2942 573 3005 suerit.
596 2941 686 3024 Quin
697 2939 768 3018 hoc,
778 2940 868 3023 quod
880 2940 1029 3018 dicimus,
1040 2960 1105 3003 non
1114 2940 1221 3003 solum
1233 2940 1266 3002 in
1278 2940 1341 3004 hoc
1354 2949 1466 3004 nostro

314 3055 435 3109 conatu
451 3047 558 3127 primo
570 3055 603 3108 et
617 3045 803 3126 incoeptivo
816 3043 924 3108 locum
937 3044 1053 3122 habet;
1076 3045 1135 3107 sed
1152 3045 1251 3107 etiam
1267 3045 1410 3126 pertinet
1421 3044 1465 3106 ad

315 3168 372 3211 eos
382 3150 437 3230 qui
449 3148 523 3212 huic
536 3150 580 3211 rei
593 3149 733 3230 posthac
745 3148 944 3212 incumbent.
968 3149 1092 3212 Nostra
1108 3149 1196 3212 enim
1211 3149 1264 3211 via
1280 3147 1467 3212 inveniendi

315 3252 468 3315 scientias
491 3261 659 3333 exaequat
676 3251 743 3314 sere
758 3251 929 3334 ingenia⁴⁷,
944 3261 978 3314 et
998 3272 1066 3315 non
1086 3251 1229 3316 multum
1249 3251 1467 3316 excellentiae

350 3501 372 3532 ⁴⁵
391 3504 442 3555 See
456 3503 557 3559 Plato’s
569 3502 708 3572 Timaeus,
724 3521 755 3570 ²4
770 3503 846 3570 E-25
860 3503 898 3560 D.

349 3583 371 3616 ⁴⁶
390 3587 441 3655 Cp.
455 3587 524 3655 Aph.
540 3605 581 3652 3²·

349 3667 372 3700 ⁴⁷
390 3670 441 3739 Cp.
455 3670 524 3738 Aph.
538 3673 569 3723 61
585 3670 639 3724 and
652 3677 718 3724 note
733 3689 773 3726 ra.
810 3671 880 3726 This
893 3673 1070 3742 anticipation
1082 3673 1113 3726 oi
1125 3671 1217 3728 Bacon
1230 3689 1314 3728 never
1326 3673 1374 3728 has
1385 3673 1466 3740 been,

313 3754 368 3806 and
390 3769 474 3806 never
495 3770 546 3807 can
568 3754 611 3820 be,
629 3756 751 3810 realised.
794 3755 889 3811 There
911 3757 933 3810 is
953 3764 1012 3825 not,
1032 3757 1085 3810 and
1107 3757 1186 3812 there
1207 3774 1291 3811 never
1312 3773 1363 3811 can
1385 3757 1430 3823 be,
1448 3772 1466 3809 a

315 3838 482 3892 mechanical
494 3838 609 3891 method
621 3838 653 3891 of
662 3839 811 3906 invention,
824 3840 975 3908 fumishing
991 3841 1062 3894 rules
1075 3841 1204 3911 whereby
1216 3857 1281 3894 men
1297 3857 1360 3909 may
1373 3841 1466 3893 invent

314 3927 370 3976 arts
389 3938 421 3974 or
439 3921 520 3974 make
538 3923 703 3976 discoveries
715 3924 781 3977 with
799 3923 847 3976 the
865 3940 939 3978 same
957 3924 1059 3993 facility
1073 3923 1127 3978 and
1146 3925 1281 3993 certainty
1294 3925 1360 3978 with
1376 3922 1465 3976 which

314 4004 380 4074 they
397 4021 444 4058 use
462 4021 479 4059 a
496 4007 556 4074 pair
574 4005 606 4059 of
622 4023 783 4076 compasses.
821 4007 885 4062 The
902 4024 998 4061 reason
1017 4006 1049 4060 of
1067 4009 1121 4061 this
1138 4009 1326 4078 impossibility
1343 4009 1364 4060 is
1380 4013 1412 4060 to
1429 4007 1465 4060 be

313 4088 412 4154 sought
426 4095 476 4142 not
488 4090 552 4157 only
566 4090 592 4141 in
610 4089 657 4143 the
673 4091 839 4160 complexity
852 4093 905 4145 and
923 4091 1075 4160 ‘subtlety’
1094 4091 1126 4144 of
1141 4099 1238 4145 nature
1259 4091 1358 4159 (which
1372 4089 1466 4144 Bacon

313 4171 431 4237 thought
444 4178 474 4225 to
487 4171 522 4225 be
534 4173 616 4226 much
627 4175 737 4242 simpler
749 4174 815 4228 than
829 4176 850 4228 it
863 4172 896 4242 is)
907 4175 961 4228 and
974 4176 1000 4227 in
1014 4174 1061 4227 the
1074 4175 1212 4228 laborious
1220 4175 1275 4228 and
1284 4175 1466 4243 complicated

313 4253 456 4308 character
469 4255 501 4307 os
510 4271 592 4324 many
605 4256 637 4308 of
647 4256 694 4309 the
706 4273 848 4325 processes
861 4257 892 4310 of
902 4242 1054 4324 reasoning,
1066 4258 1117 4311 but
1135 4259 1191 4311 also
1209 4259 1236 4310 in
1254 4259 1301 4310 the
1315 4259 1467 4325 important

314 4338 375 4403 and,
396 4338 503 4405 indeed,
526 4339 723 4406 indispensable
747 4339 826 4393 share
846 4341 935 4394 which
957 4342 1133 4408 imagination
1156 4342 1202 4395 has
1223 4343 1250 4394 in
1274 4342 1308 4396 all
1333 4339 1467 4394 scientific

313 4419 464 4490 discovery.
501 4421 571 4474 Now
589 4421 633 4475 for
651 4423 698 4476 the
717 4424 884 4477 stimulation
905 4425 958 4477 and
977 4425 1099 4478 exercise
1118 4424 1150 4477 of
1167 4427 1214 4478 the
1234 4425 1409 4491 imagination
1428 4439 1466 4476 no

313 4502 385 4556 rules
403 4519 453 4557 can
472 4503 507 4556 be
525 4507 612 4574 given,
626 4505 730 4574 though
745 4507 793 4561 the
812 4509 931 4564 habitual
948 4509 1121 4564 observation
1138 4508 1170 4562 of
1186 4509 1233 4562 the
1252 4509 1380 4580 ordinary
1393 4507 1469 4562 rules
