3306 5102
165 453 166 458 ν
268 427 332 512 380
646 440 803 496 Novom
824 439 1040 496 oronnam

316 599 364 667 16.
389 601 447 666 Sol
464 602 568 686 magis
584 602 741 681 calefacit,
756 625 822 686 quo
843 603 947 686 magis
961 601 1067 685 vergit
1087 602 1130 666 ad
1149 601 1419 685 perpendiculum

269 707 338 769 sive
360 706 487 784 Zenith,
506 707 594 788 quod
619 708 718 770 etiam
742 708 943 770 credendum
962 716 1012 770 est
1035 707 1078 770 de
1098 707 1170 770 aliis
1193 706 1344 789 planetis,
1362 727 1422 788 pro

271 810 406 872 modulo
429 831 488 873 suo
511 810 648 889 caloris;
672 811 818 893 exempli
841 811 956 891 gratia,
979 810 1097 891 Jovem
1121 811 1226 891 magis
1249 813 1339 892 apud
1363 830 1423 872 nos

272 912 459 992 calefacere,
475 934 550 976 cum
574 915 699 996 positus
721 915 765 977 sit
787 914 849 977 sub
873 913 1002 978 Cancro
1024 922 1083 976 aut
1101 912 1216 976 Leone
1239 935 1338 995 quam
1362 912 1425 976 sub

276 1015 479 1099 Capricorno
501 1028 559 1080 aut
581 1016 742 1099 Aquario.

321 1132 368 1200 17.
394 1119 604 1184 Credendum
621 1131 670 1184 est
686 1119 789 1184 solem
806 1121 913 1202 ipsum
930 1130 962 1184 et
981 1120 1133 1204 planetas
1154 1119 1296 1202 reliquos
1319 1119 1424 1201 magis

273 1222 451 1287 calefacere
467 1225 500 1287 in
516 1225 675 1307 perigaeis
691 1226 765 1304 suis,
782 1236 915 1306 propter
931 1225 1211 1308 propinquitatem
1232 1225 1275 1287 ad
1297 1233 1426 1300 terram,

273 1346 374 1406 quarn
390 1328 423 1390 in
439 1326 633 1408 apogaeisfl.
679 1327 780 1410 Quod
795 1329 821 1391 si
838 1329 968 1392 eveniat
984 1339 1021 1392 ut
1037 1329 1069 1390 in
1090 1328 1202 1410 aliqua
1225 1328 1357 1408 regione
1378 1326 1432 1394 sol

469 1513 519 1565 Τὸν
538 1509 560 1564 δ’
578 1514 593 1564 ὁ
611 1511 694 1581 γέρων
712 1511 829 1579 Πρίαμος
845 1516 946 1580 πρῶτος
963 1509 1017 1565 ἴδεν
1035 1511 1223 1581 ὀφθαλμοῖσιν,

469 1594 643 1664 παμφαίνονθ’
661 1592 724 1648 ὥστ’
742 1592 841 1665 ἀστέρ’,
861 1593 1040 1664 ι’πισσιίμενον
1057 1595 1167 1658 πεδίοιο,

470 1677 499 1734 ds
517 1677 550 1748 ῥά
568 1676 591 1732 τ’
608 1677 710 1745 ὀπώρης
728 1674 803 1744 εἶσιν,
821 1677 939 1748 ἀρίζηλοι
957 1676 986 1730 δι’
1004 1678 1028 1731 oi
1047 1677 1123 1749 αὐγαὶ

470 1761 607 1830 φαίνονται
624 1763 749 1814 πολλοῖσι
768 1759 822 1830 μετ’
840 1760 955 1830 ἀστράσι
972 1761 1062 1816 νυκτὸς
1079 1760 1194 1832 ἀμολγῷ·

470 1843 528 1898 ὅντε
547 1843 598 1898 κύν’
617 1841 740 1914 Ὠρίωνος
757 1841 894 1912 ἐπίκλησιν
912 1844 1060 1898 καλέουσιν.

470 1929 654 1998 λαμπρότατοιΙ
671 1929 719 1995 μὲν
736 1925 775 1980 ὅδ’
793 1927 860 1990 ι’στί,
880 1927 957 1980 κακὸν
975 1926 1005 1980 δι’
1021 1949 1050 1981 τε
1068 1928 1140 1996 σῆμα
1157 1925 1283 1994 τέτυκται,

471 2011 514 2063 καί
531 2033 559 2064 τε
577 2011 653 2080 φέρει
670 2011 772 2064 πολλὸν
788 2011 898 2080 πυρετὸν
916 2011 1029 2064 δειλοῖσι
1046 2013 1192 2080 βροτοῖσιν.

962 2094 993 2147 ll.
1006 2095 1071 2147 xxii.
1086 2111 1181 2160 ²5·31·
1202 2095 1266 2163 (Cp.
1279 2112 1304 2148 v.
1318 2111 1342 2161 5,
1355 2091 1393 2161 ⁶.)

453 2189 533 2243 ‘Non
552 2205 639 2256 secus,
658 2206 690 2244 ac
709 2190 810 2258 liquida
828 2190 849 2242 si
869 2189 980 2258 quando
1000 2195 1083 2243 nocte
1102 2195 1228 2244 cometae

473 2273 618 2340 sanguinei
637 2273 750 2340 lugubre
769 2272 877 2339 rubent,
896 2279 944 2325 aut
963 2273 1046 2325 Sirius
1065 2271 1156 2339 ardor,

475 2355 523 2409 llle
541 2357 614 2409 sitim
633 2357 800 2426 morbosque
818 2356 910 2409 ferens
929 2356 1090 2410 mortalibus
1107 2357 1203 2422 aegris,

476 2437 605 2493 Nascitur
623 2446 651 2493 et
669 2441 748 2492 laevo
766 2440 911 2492 contristat
929 2439 1030 2492 lumine
1048 2439 1175 2492 coelum.’

554 2526 623 2578 Aen.
636 2541 661 2577 rr.
677 2541 771 2588 272-5·
793 2523 856 2591 (Cp.
871 2524 972 2590 Georg.
986 2524 1019 2575 iv.
1034 2529 1136 2592 425-83
1156 2521 1275 2575 Aemili.
1291 2519 1398 2588 141-2.)

280 2617 360 2686 Pliny
381 2617 458 2686 (Nat.
479 2620 552 2674 Hist.
571 2621 598 2674 ii.
618 2639 661 2686 40.
683 2627 750 2674 sect.
770 2619 830 2688 107)
852 2619 900 2672 has
920 2635 953 2672 an
972 2619 1136 2685 interesting
1155 2619 1321 2687 description
1340 2617 1372 2671 of
1387 2617 1435 2671 the

280 2701 417 2769 supposed
428 2703 524 2756 effects
536 2703 569 2757 of
578 2703 625 2756 the
637 2710 702 2769 star,
717 2702 806 2755 which
819 2703 840 2754 is
852 2702 932 2754 there
946 2702 1032 2755 called
1045 2701 1210 2754 ‘Canicula’

317 2783 405 2837 ‘Nam
420 2786 566 2840 Caniculae
579 2794 678 2840 exortu
691 2785 804 2840 accendi
824 2785 892 2838 Solis
903 2801 1017 2853 vapores
1030 2785 1091 2852 quis
1104 2786 1231 2851 ignorati
1249 2784 1328 2852 cujus
1340 2783 1435 2836 sideris

281 2867 399 2920 effectus
414 2871 569 2936 amplissimi
589 2872 614 2923 in
629 2877 704 2923 terra
721 2869 886 2922 sentiuntur.
924 2869 1045 2922 Fervent
1058 2868 1143 2921 maria
1156 2868 1354 2932 exorientem,
1368 2866 1435 2919 fluc-

282 2956 363 3003 tuant
380 2953 406 3004 in
423 2953 498 3006 cellis
515 2955 584 3020 vina,
602 2961 748 3008 moventur
764 2959 869 3020 stagna.
907 2953 1028 3020 Orygem
1045 2952 1162 3020 appellat
1181 2953 1320 3020 Aegyptus
1339 2951 1435 3016 feram,

282 3051 365 3102 quam
379 3034 405 3087 in
424 3045 522 3090 exortu
535 3039 594 3106 ejus
606 3045 704 3092 contra
716 3047 798 3102 stare,
812 3043 841 3088 et
854 3036 979 3089 contueri
993 3036 1086 3100 tradit,
1098 3051 1131 3089 ac
1144 3035 1218 3087 velut
1235 3035 1359 3098 adorare,
1372 3049 1436 3086 cum

282 3119 440 3172 sternuerit.
478 3123 566 3175 Canes
585 3123 696 3192 quidem
714 3127 777 3174 toto
794 3137 829 3174 eo
842 3119 930 3189 spatio
948 3120 1067 3172 maxime
1086 3119 1113 3171 in
1132 3119 1237 3172 rabiem
1253 3119 1305 3184 agi,
1319 3133 1375 3170 non
1393 3121 1437 3170 est

283 3201 415 3256 dubium!
1056 3208 1066 3224 ⁰

319 3287 343 3336 A
358 3285 490 3355 tolerably
502 3287 549 3340 full
562 3296 680 3342 account
692 3288 724 3342 of
734 3288 826 3356 Sirius,
836 3306 869 3342 or
882 3289 1012 3342 Canicula
1024 3305 1053 3341 as
1066 3289 1087 3340 it
1100 3304 1155 3341 was
1167 3289 1327 3341 sometimes
1339 3287 1439 3353 called,

283 3366 306 3419 is
318 3369 396 3434 given
410 3369 437 3421 in
451 3372 570 3440 Smyth’s
583 3373 711 3427 Celestial
725 3374 818 3441 Cycle‚
831 3373 883 3426 vol.
897 3373 924 3425 ii.
937 3388 963 3441 p.
980 3377 1039 3438 158,
1052 3373 1104 3426 dcc.

320 3449 342 3480 ⁴³
359 3475 375 3505 α
389 3453 497 3508 Leonis.
536 3457 586 3508 See
601 3457 718 3525 Smyth’s
730 3456 857 3510 Celestial
876 3456 970 3524 Cycle‚
983 3456 1036 3509 vol.
1049 3455 1076 3508 ii.
1089 3471 1116 3523 p.
1131 3471 1162 3507 τι
1167 3471 1192 3520 5,
1205 3454 1257 3507 dcc.
1292 3454 1301 3483 ‘
1309 3453 1436 3522 Ptolemy

284 3535 349 3588 calls
361 3536 414 3588 this
426 3543 483 3590 star
493 3537 658 3606 Βασιλίσκος,
669 3540 741 3593 from
754 3557 788 3592 an
798 3540 909 3608 opinion
922 3539 955 3592 of
965 3540 998 3591 its
1011 3537 1176 3605 influencing
1185 3537 1232 3590 the
1245 3537 1334 3590 affairs
1346 3535 1379 3589 of
1388 3537 1437 3591 the

283 3618 416 3686 beavens;
438 3622 550 3675 whence
562 3639 655 3676 comes
672 3625 706 3677 its
720 3625 801 3677 Latin
815 3639 895 3676 name
910 3622 1048 3689 Regulus’

321 3701 342 3732 ⁴⁸
360 3725 376 3755 a
394 3705 476 3757 Canis
496 3705 621 3761 Minoris.
658 3710 709 3761 See
733 3707 838 3775 Smyth‚
855 3707 907 3760 vol.
930 3706 956 3761 ii.
974 3721 1018 3773 pp.
1041 3709 1135 3770 182-3.
1172 3703 1242 3757 This
1259 3709 1317 3757 star
1338 3704 1360 3756 is
1381 3703 1438 3756 also

284 3787 372 3840 called
381 3786 512 3857 Προκῦων,
524 3791 640 3844 because
653 3791 674 3843 it
684 3807 797 3860 appears
810 3791 836 3842 in
850 3790 898 3843 the
911 3793 1038 3856 morning
1048 3788 1136 3853 dawn,
1147 3803 1175 3840 as
1188 3787 1236 3840 the
1249 3803 1397 3856 precursor
1408 3787 1442 3840 of

285 3870 378 3923 Sirius.
416 3871 480 3925 The
499 3873 615 3926 ‘Lesser
634 3874 714 3940 Dog’
733 3891 766 3927 or
785 3873 887 3925 ‘Little
900 3872 981 3938 Dog’
1002 3872 1023 3924 is
1041 3887 1056 3924 a
1074 3877 1133 3924 star
1150 3869 1182 3922 of
1197 3876 1276 3937 great
1288 3871 1439 3939 brilliancy‚

285 3955 389 4024 though
403 3965 451 4010 not
464 3961 558 4028 nearly
570 3977 600 4013 so
613 3960 731 4014 brilliant
744 3977 773 4014 as
786 3962 871 4013 Sirius
883 3976 916 4013 or
927 3959 975 4012 the
988 3961 996 3989 ‘
1004 3960 1123 4012 Greater
1136 3957 1217 4024 Dog.’

323 4041 435 4096 Horace
448 4043 534 4097 refers
546 4051 576 4097 to
589 4046 642 4098 this
655 4053 712 4098 star
723 4045 777 4098 and
792 4045 911 4111 Regulus
924 4045 951 4097 in
964 4043 1012 4096 the
1025 4042 1201 4096 well-known
1213 4041 1297 4095 lines:

534 4139 610 4209 ‘Jam
630 4141 718 4194 clarus
736 4141 875 4193 occultum
894 4138 1088 4192 Andromedae
1106 4142 1186 4206 pater

549 4223 677 4275 Ostendit
697 4224 804 4289 ignem:
821 4221 879 4289 jam
897 4221 1025 4292 Procyon
1044 4220 1119 4287 furit,

587 4306 624 4358 Et
642 4306 720 4358 stella
737 4307 828 4358 vesani
847 4305 958 4371 Leonis,

624 4390 685 4442 Sole
704 4389 761 4442 dies
779 4388 918 4442 referente
936 4387 1041 4442 siccos!

1076 4457 1130 4511 Od.
1143 4457 1180 4510 iii.
1197 4475 1229 4522 ²9
1244 4455 1368 4525 (ry-ao).

322 4541 345 4612 ‚⁴⁷
364 4542 426 4597 The
444 4542 563 4597 furthest
580 4542 635 4598 and
653 4548 762 4598 nearest
780 4543 915 4598 distances
934 4543 1059 4597 between
1078 4540 1126 4595 the
1144 4540 1223 4595 earth
1241 4540 1296 4594 and
1314 4556 1365 4594 suu
1383 4555 1440 4609 are,
