3208 5094
369 411 435 495 576
744 419 902 475 rvovonr
922 418 1142 474 orrannum

370 582 607 666 philosophiae.
631 583 751 665 Neque
762 583 805 647 de
817 582 1030 647 consensibus
1042 601 1148 645 rerum
1162 580 1360 646 inveniendis
1370 583 1475 646 multum

370 688 569 768 sperandum
582 695 641 764 est,
653 697 730 750 ante
741 686 965 750 inventionem
976 685 1156 749 formarum
1169 695 1202 750 et
1213 685 1476 750 schematisnorun

371 791 579 874 simplicium.
625 790 815 855 Consensus
837 789 925 854 enim
948 789 995 852 nil
1018 789 1110 853 aliud
1134 799 1185 854 est
1207 811 1307 871 quarn
1328 792 1476 871 symmetria

370 893 549 958 formarum
566 903 599 958 et
614 893 922 962 schematismorum
938 893 981 956 ad
998 893 1146 957 invicem.

413 996 520 1078 Atqui
550 996 690 1079 majores
724 1005 757 1060 et
790 997 896 1079 magis
926 996 1078 1060 catholici
1110 1017 1219 1060 rerum
1249 1016 1413 1060 consensus
1435 1017 1477 1059 non

371 1121 502 1183 prorsus
518 1101 647 1165 obscuri
662 1109 748 1164 sunt.
785 1099 903 1183 Itaque
917 1101 960 1163 ab
976 1100 1015 1162 iis
1030 1100 1236 1164 ordiendum.
1277 1099 1393 1162 Eorum
1405 1099 1477 1180 prinu

371 1213 405 1268 et
420 1224 550 1267 summa
565 1204 737 1267 diversitas
751 1224 790 1267 ea
805 1213 855 1268 est
867 1229 875 1281 3
899 1212 937 1267 ut
951 1204 1116 1285 quaedam
1133 1223 1272 1285 corpora
1287 1203 1376 1284 copia
1389 1211 1416 1264 et
1428 1203 1478 1263 nri·

371 1317 441 1372 tate
457 1310 613 1372 materiae
628 1309 810 1371 admodum
825 1307 1021 1389 discrepent,
1036 1307 1280 1371 schematismis
1296 1305 1477 1370 consentiant:

371 1412 435 1476 alia
451 1423 563 1477 contra
576 1413 670 1494 copia
686 1421 718 1476 et
735 1412 867 1476 raritate
883 1412 1041 1475 materiae
1056 1412 1275 1489 consentiant,
1284 1409 1478 1473 schematisnis

370 1517 567 1599 discrepent.
613 1517 702 1579 Nam
718 1535 784 1579 non
800 1515 886 1578 male
902 1523 1055 1578 notatum
1071 1525 1122 1578 est
1136 1536 1158 1578 a
1172 1513 1342 1596 chymicis,
1357 1513 1385 1574 in
1398 1513 1479 1594 princi·

370 1621 499 1702 piorum
522 1639 655 1683 suorum
672 1619 778 1682 triade
787 1617 824 1696 ³⁶,
841 1617 978 1700 sulphur
996 1629 1030 1682 et
1048 1618 1246 1682 mercurium
1266 1617 1357 1699 quasi
1373 1636 1421 1698 per
1434 1615 1479 1676 uni·

407 1834 430 1867 ³⁶
448 1834 518 1888 This
530 1833 665 1900 doctrine,
677 1833 738 1886 that
750 1833 784 1887 all
796 1832 890 1886 bodies
907 1847 955 1886 are
973 1833 1122 1900 composed
1140 1831 1173 1885 of
1187 1833 1310 1901 sulphur,
1322 1827 1479 1898 merciny,rnd

371 1920 432 1985 salt,
454 1933 542 1971 seems
561 1922 593 1969 to
611 1917 679 1970 have
698 1916 770 1972 been
790 1915 848 1968 first
868 1915 1032 1969 introduced
1051 1916 1088 1985 by
1106 1916 1219 1969 Basilius
1239 1915 1394 1968 Valentinus
1410 1912 1479 1982 (vles

372 2000 463 2055 works
479 2004 590 2066 cannot,
607 1998 731 2066 perhaps,
746 1998 782 2050 be
795 1997 879 2051 dated
897 1997 993 2051 before
1008 1998 1056 2051 tbe
1073 1997 1128 2051 end
1144 1997 1177 2051 of
1191 1997 1241 2051 the
1257 1996 1380 2050 lilteenth
1393 2001 1480 2060 century.

373 2085 424 2136 See
437 2082 484 2135 the
497 2081 606 2134 curious
616 2079 766 2133 discussion
778 2095 816 2132 on
828 2079 869 2132 his
882 2081 1055 2149 personality,
1068 2079 1142 2148 date,
1155 2080 1210 2134 and
1222 2081 1346 2147 writings
1357 2079 1382 2132 in
1393 2079 1430 2131 the
1439 2077 1479 2128 Blo

372 2166 482 2235 graphie
501 2162 691 2232 Universelle),
709 2163 813 2230 though
832 2163 853 2216 it
871 2180 927 2216 was
945 2164 1046 2234 largely
1059 2164 1210 2232 developed
1228 2165 1267 2232 by
1285 2163 1434 2222 Paraeelsus,
1448 2159 1480 2210 nl

372 2267 427 2304 was
447 2249 495 2302 the
515 2247 677 2301 foundation
697 2245 729 2300 ol
747 2263 830 2314 many
851 2246 883 2300 of
904 2247 945 2300 his
966 2246 1098 2301 chemical
1120 2248 1174 2300 and
1195 2248 1315 2301 medical
1336 2243 1481 2315 speculativos

373 2337 433 2400 See,
458 2331 610 2401 especially,
635 2330 683 2383 the
706 2329 833 2384 Treatise
858 2330 920 2384 ‘De
943 2331 1048 2398 origine
1074 2331 1239 2384 Morborum
1263 2348 1301 2384 ex
1322 2330 1401 2384 tribus
1420 2327 1482 2394 pnn'r

372 2415 546 2481 substantiis,’
567 2413 619 2482 Op.
639 2414 722 2465 Ornu.
744 2413 797 2466 vol.
818 2413 835 2466 i.
855 2429 881 2480 p.
904 2431 944 2479 31,
967 2413 1017 2468 &o
1054 2413 1118 2467 The
1136 2412 1276 2480 following
1299 2417 1410 2467 extracts
1426 2408 1481 2460 talu

373 2501 445 2555 from
462 2498 507 2553 lib.
523 2499 540 2551 i.
556 2513 616 2565 cap.
630 2515 643 2549 a
659 2512 722 2564 may
736 2496 772 2549 be
791 2495 954 2563 interesting
972 2496 1027 2550 and
1044 2498 1167 2565 amusing
1185 2501 1216 2550 to
1235 2496 1284 2550 the
1303 2496 1408 2550 render:
1422 2491 1481 2543 ‘Nan

371 2585 394 2638 si
414 2583 515 2650 lignum
535 2581 659 2633 manibus
683 2586 785 2645 teneas,
804 2585 872 2632 tunc
896 2580 1040 2632 oculorum
1061 2579 1167 2648 judicio
1191 2595 1278 2632 unum
1303 2580 1395 2632 saltem
1416 2587 1482 2640 corpu

372 2667 465 2720 habes.
503 2664 540 2716 Et
551 2664 604 2716 hoc
617 2663 687 2716 scire
704 2663 754 2714 tibi
772 2662 846 2714 nullo
858 2661 918 2715 usui
932 2668 983 2716 est.
1021 2663 1100 2716 ldem
1114 2668 1142 2717 et
1155 2663 1249 2716 rustici
1262 2664 1353 2716 sciunt
1364 2661 1482 2725 videntque.

372 2749 415 2803 Eo
434 2762 519 2816 usque
538 2745 705 2799 descendere
723 2750 752 2798 et
770 2751 916 2812 penetrare
935 2744 1027 2811 debes,
1049 2752 1081 2798 ut
1101 2745 1178 2812 scias,
1199 2745 1326 2799 manibus
1346 2751 1374 2797 te
1393 2754 1483 2811 premere

373 2833 499 2900 Sulphur,
512 2829 682 2883 Mercurium
696 2833 725 2881 et
740 2827 791 2881 Sal.
829 2829 905 2900 Qas
918 2834 974 2882 tres
989 2845 1041 2896 res,
1054 2830 1075 2882 si
1093 2835 1204 2898 aspectu
1221 2829 1291 2898 ipso,
1304 2835 1334 2882 et
1348 2833 1416 2881 tactu
1428 2831 1482 2890 atque

372 2916 490 2984 palpatu,
503 2911 736 2980 unamquamlibet
752 2911 786 2964 ab
803 2911 854 2964 alia
869 2918 1023 2979 separatam
1039 2914 1138 2966 sentis:
1159 2919 1218 2965 tum
1235 2913 1349 2966 demum
1364 2911 1441 2965 oculos
1453 2921 1483 2958 θῶ

372 3004 468 3052 nactus
481 3013 518 3064 es,
531 2997 628 3064 quibus
642 2994 769 3048 Medicus
780 2994 873 3048 videre
886 2994 979 3048 debet.
1016 2995 1055 3048 Hi
1069 2996 1141 3049 oculi
1158 2995 1185 3048 in
1198 2995 1287 3049 tribus
1299 2996 1341 3048 his
1352 2989 1483 3062 perviderit

371 3089 428 3135 tam
450 3080 618 3149 perspicaces
638 3093 697 3131 esse
717 3076 829 3144 debent,
847 3094 930 3148 quam
949 3085 1027 3132 certo
1045 3079 1147 3146 lignum
1165 3080 1239 3133 videt
1258 3081 1374 3133 rusticus
1392 3075 1483 3130 crudum

372 3164 438 3218 Hoc
459 3161 613 3229 exemplum
632 3177 667 3213 eo
689 3160 737 3214 tibi
757 3160 849 3226 faciat,
869 3166 901 3214 ut
920 3161 1008 3230 ipsum
1028 3162 1168 3216 hominem
1190 3179 1302 3231 quoque
1324 3165 1352 3216 in
1372 3161 1408 3214 bis
1424 3157 1483 3210 tribu

371 3261 526 3312 cognoscas,
545 3259 601 3296 non
620 3244 709 3296 minus
728 3258 760 3297 ac
781 3245 868 3312 ipsum
888 3244 1006 3311 lignum:
1032 3245 1085 3298 hoc
1107 3251 1157 3312 est,
1175 3246 1263 3314 ipsum
1283 3247 1415 3299 hominem
1430 3237 1483 3294 sinii

372 3329 461 3382 forma
475 3325 617 3381 conditum
635 3325 743 3380 habeas.
757 3325 773 3360 *
788 3326 803 3360 *
817 3325 833 3360 *
847 3325 863 3360 *
876 3326 892 3361 *
906 3326 921 3360 *
936 3327 968 3381 ld
987 3327 1062 3397 quod
1081 3328 1168 3396 ardet,
1187 3334 1229 3382 est
1249 3328 1370 3397 sulphur.
1403 3326 1483 3378 Praeter

370 3411 491 3480 sulphur,
516 3407 582 3462 nihil
605 3407 710 3475 flagrat.
747 3410 831 3479 Quod
854 3409 950 3474 fumat,
976 3418 1019 3465 est
1048 3411 1212 3465 Mercurius.
1248 3411 1324 3465 Nihil
1352 3409 1484 3464 sublinunt,

370 3500 483 3566 praetor
501 3507 585 3546 unum
604 3491 783 3547 Mercurium.
822 3494 905 3564 Qrod
922 3495 950 3549 in
969 3495 1091 3549 cinerem
1109 3495 1174 3563 abit,
1191 3495 1233 3548 Sal
1250 3501 1301 3548 est.
1337 3493 1406 3546 Nihil
1422 3491 1485 3542 einer·

370 3581 448 3645 escit,
470 3577 520 3630 nisi
541 3576 580 3629 sal
599 3575 651 3629 sit.’
688 3575 752 3629 The
771 3576 909 3631 members
930 3577 962 3631 of
978 3579 1031 3631 this
1050 3577 1130 3647 triad,
1152 3579 1288 3644 however,
1307 3593 1379 3631 were
1398 3579 1439 3627 not
1454 3569 1485 3622 the

371 3678 510 3728 common,
524 3659 617 3713 visible
628 3658 786 3713 substances
802 3659 835 3713 of
848 3660 968 3728 sulphur,
981 3677 1118 3730 mercury,
1130 3661 1184 3715 and
1200 3662 1259 3729 salt,
1272 3661 1322 3714 but
1335 3659 1431 3715 certain
1440 3667 1485 3724 pure

370 3749 537 3811 substances,
550 3743 695 3810 aualogous
712 3748 743 3797 to
761 3742 846 3809 these,
859 3744 913 3796 and
928 3745 1078 3812 possessing
1095 3745 1123 3798 in
1140 3745 1292 3813 perfectiori
1309 3744 1357 3798 the
1368 3738 1486 3809 respenire

371 3828 525 3900 properties
543 3825 575 3878 of
589 3826 715 3892 buming,
733 3823 766 3878 oi
780 3826 863 3892 being
880 3826 997 3893 volatile,
1016 3827 1069 3880 and
1089 3827 1121 3880 of
1139 3829 1222 3896 being
1243 3827 1323 3881 fixed.
1360 3829 1415 3890 See,
1432 3822 1487 3874 tora

371 3911 478 3965 further
503 3914 629 3974 account,
656 3908 760 3977 Kopp's
785 3908 952 3963 Gescbichte
976 3909 1027 3964 der
1051 3910 1176 3979 Chemie,
1201 3910 1414 3976 Braunschweig,
1435 3909 1487 3966 1⁸43.

371 3993 427 4049 Th.
440 3995 458 4048 i.
470 4009 514 4062 pp.
529 3997 612 4058 88-93
631 3995 709 4057 96-7.

407 4077 471 4130 The
490 4075 587 4129 earlier
606 4075 674 4128 view
695 4073 728 4127 of
745 4075 838 4128 Geber
857 4073 931 4146 (who
947 4075 1019 4128 lived
1037 4075 1064 4130 in
1082 4075 1130 4131 the
1147 4077 1239 4144 eightb
1252 4075 1387 4146 century),
1398 4065 1488 4138 adopted

371 4158 532 4228 apparently
551 4155 623 4210 from
640 4157 681 4209 his
699 4157 897 4225 predecessors,
910 4175 965 4211 was
979 4158 1040 4212 that
1056 4158 1104 4213 the
1123 4161 1218 4214 metals
1236 4175 1308 4214 vere
1326 4146 1490 4225 composed⁰f

371 4242 438 4311 only
454 4248 511 4294 two
527 4239 685 4294 substances
699 4239 797 4311 (these,
810 4241 878 4294 asin
891 4241 939 4294 the
952 4241 1052 4311 theory
1064 4242 1097 4296 of
1112 4241 1277 4309 Paracelsus,
1289 4243 1369 4308 being
1379 4253 1445 4310 pure,
1455 4237 1488 4286 nol

369 4327 418 4379 the
443 4339 581 4388 common,
605 4322 706 4389 visible,
730 4323 910 4392 substances),
934 4326 1051 4394 namely,
1075 4326 1187 4393 sulphur
1210 4326 1264 4379 and
1288 4339 1417 4392 mercury.
1453 4319 1488 4368 3⁰⁸

372 4407 462 4474 Kopp,
482 4405 537 4459 Th.
555 4405 572 4458 i.
592 4421 636 4473 pp.
656 4408 734 4472 44-6.
771 4405 818 4461 To
836 4407 889 4461 this
907 4408 1005 4461 earher
1022 4409 1092 4466 view
1111 4409 1205 4464 Bacon
1223 4424 1325 4477 recurs,
1341 4405 1453 4476 applyins
1469 4400 1487 4462 il

371 4488 507 4552 however,
520 4488 686 4556 apparently,
699 4491 730 4540 to
742 4488 838 4543 bodies
850 4490 877 4542 in
890 4490 1008 4556 general.
