3208 5094
613 431 694 490 asa.
717 431 759 489 n.
782 435 832 504 50·
994 377 996 381 ,
1239 418 1303 501 569

149 595 303 661 videlicet
318 595 437 678 quibus
458 594 565 660 modis
583 595 652 660 fieri
673 596 801 679 possint
821 591 1095 659 condensationes
1110 590 1143 654 in
1159 587 1302 671 corpori-

150 699 222 778 bus,
248 701 343 764 aliter
368 721 468 782 quam
492 721 550 782 per
572 700 681 782 frigus,
706 701 796 782 quod
823 698 895 762 illas
918 699 1017 762 efficit
1039 707 1076 761 ut
1099 717 1186 780 opus
1205 681 1301 755 suum

151 805 331 886 proprium.
377 804 460 867 Illae
480 813 593 868 autem
614 805 886 868 condensationes
900 803 1053 866 videntur
1071 802 1155 863 intra
1170 805 1302 880 quater-

153 926 232 969 num
257 927 430 970 numerum
457 902 631 993 (quantum
658 909 766 972 adhuc
793 904 913 993 liquet)
938 905 1105 971 contineri.
1151 903 1301 986 Quarum

154 1010 259 1090 prima
274 1011 405 1074 videtur
424 1010 492 1074 fieri
514 1032 573 1093 per
594 1012 837 1075 contrusionem
857 1011 1060 1092 simplicem;
1081 1029 1167 1093 quae
1185 1023 1303 1089 parum

154 1123 265 1195 potest
285 1117 328 1178 ad
349 1117 548 1179 densitatem
569 1125 776 1180 constantem
793 1113 953 1199 (resiliunt
973 1115 1062 1178 enim
1078 1109 1227 1197 corpora)
1243 1107 1301 1173 sed

155 1217 366 1282 nihilominus
388 1220 472 1283 forte
494 1241 545 1284 res
562 1221 731 1283 auxiliaris
753 1239 824 1282 esse
851 1227 960 1299 queat.
1006 1217 1160 1282 Secunda
1183 1215 1221 1278 fit
1243 1232 1303 1295 per

155 1326 412 1388 contractionem
430 1326 571 1407 partium
588 1326 782 1390 crassiorum
798 1323 830 1385 in
846 1342 980 1404 corpore
996 1321 1117 1402 aliquo,
1134 1328 1209 1402 post
1226 1338 1302 1381 evo*

155 1424 313 1492 lationem
335 1440 394 1494 aut
417 1431 545 1494 exitum
569 1431 712 1512 partium
733 1427 927 1504 tenuionim,
951 1435 987 1489 ut
1010 1424 1047 1488 fit
1070 1425 1102 1486 in
1125 1421 1304 1485 induratio-

157 1532 253 1595 nibus
279 1555 339 1616 per
365 1535 483 1618 ignem,
505 1545 540 1600 et
566 1535 715 1618 repetitis
744 1532 1003 1596 extinctionibus
1030 1527 1247 1602 metallorum,
1270 1533 1303 1589 et

153 1635 324 1702 similibus.
370 1638 484 1702 Tertia
507 1639 544 1704 fit
567 1660 625 1721 per
647 1638 822 1702 coitionem
845 1636 989 1718 partium
1012 1633 1302 1714 homogenearum,

154 1761 240 1821 quae
266 1753 342 1807 sunt
369 1744 515 1808 maxime
541 1744 667 1808 solidae
697 1743 730 1804 in
759 1761 895 1823 corpore
925 1739 1046 1821 aliquo,
1072 1747 1174 1818 atque
1203 1742 1303 1796 antea

152 1843 281 1911 fuerant
308 1848 493 1926 distractae,
520 1857 553 1911 et
581 1867 656 1912 cum
685 1847 792 1910 minus
817 1845 931 1909 solidis
958 1843 1171 1908 commistae:
1201 1836 1303 1901 veluti

154 1949 187 2012 in
205 1951 413 2016 restitutione
429 1954 578 2016 mercurii
597 1952 775 2031 sublimati,
792 1951 847 2033 qui
869 1951 903 2012 in
924 1949 1057 2032 pulvere
1077 1947 1175 2028 longe
1197 1941 1303 2025 majus

154 2063 294 2134 occupat
309 2055 452 2136 spatium
468 2076 568 2137 quam
588 2057 765 2119 mercurius
783 2054 936 2136 simplex,
951 2061 985 2115 et
999 2051 1150 2115 similiter
1164 2051 1197 2113 in
1212 2048 1303 2112 omni

154 2159 385 2240 repurgatione
406 2159 615 2226 metallorum
638 2181 658 2223 a
681 2159 791 2223 scoriis
814 2159 890 2222 suis.
936 2157 1063 2240 Quarta
1086 2155 1124 2219 fit
1146 2175 1205 2238 per
1228 2173 1305 2218 con·

155 2263 296 2336 sensus9,
313 2263 523 2326 admovendo
537 2283 622 2345 quae
638 2284 681 2326 ex
696 2264 728 2325 vi
744 2282 916 2344 corporum
932 2261 1062 2325 occulta
1078 2260 1305 2335 condensant;

156 2366 211 2447 qui
228 2385 407 2429 consensus
427 2365 535 2428 adhuc
555 2386 627 2428 raro
647 2387 682 2429 se
703 2367 902 2443 ostendunt;
926 2366 1016 2445 quod
1036 2365 1154 2426 mirum
1172 2362 1307 2425 minime

155 2478 214 2547 est,
230 2467 387 2550 quoniam
410 2477 590 2549 antequam
614 2468 757 2532 inventio
780 2467 934 2532 succedat
956 2467 1135 2529 formarum
1158 2474 1191 2528 et
1214 2463 1307 2527 sche-

157 2573 395 2651 matismorum,
419 2572 462 2634 de
488 2572 699 2652 inquisitione
724 2591 943 2635 consensuum
970 2589 1036 2632 non
1064 2569 1206 2631 multum
1233 2587 1306 2649 spe-

156 2677 296 2740 randum
321 2684 380 2740 est.
426 2675 525 2739 Certe
549 2677 661 2758 quoad
688 2697 825 2758 corpora
850 2673 1052 2752 animalium,
1075 2673 1213 2736 dubium
1240 2691 1306 2734 non

157 2791 207 2844 est
222 2780 302 2863 quin
317 2778 383 2841 sint
399 2778 586 2861 complures
602 2779 793 2854 medicinae,
809 2789 879 2843 tam
896 2778 1030 2841 interius
1045 2798 1145 2859 quarn
1162 2775 1307 2840 exterius

157 2893 318 2965 sumptae,
337 2904 423 2966 quae
443 2884 648 2947 condensant
669 2893 828 2966 tanquam
849 2902 909 2966 per
929 2901 1133 2959 consensum,
1150 2890 1186 2944 ut
1207 2878 1306 2962 paulo

156 2995 234 3050 ante
250 2987 404 3052 diximus.
450 2985 519 3050 Sed
536 2988 568 3050 in
585 2987 772 3051 inanimatis
791 3006 863 3050 rara
879 2995 929 3050 est
944 2985 1132 3068 hujusmodi
1149 2983 1306 3068 operati0.

157 3089 343 3155 Percrebuit
366 3079 452 3168 sane,
476 3099 545 3154 tam
564 3091 693 3172 scriptis
715 3111 815 3173 quam
839 3089 936 3167 lama,
961 3091 1103 3153 narratio
1126 3090 1167 3152 de
1190 3088 1306 3152 arbore

156 3195 189 3256 in
213 3215 278 3257 una
301 3216 346 3258 ex
368 3193 482 3257 insulis
504 3195 571 3258 sive
594 3193 778 3259 Terceris¹⁰
801 3195 870 3258 sive
897 3192 1045 3257 Canariis
1067 3191 1189 3278 (neque
1216 3193 1304 3255 enim

156 3299 241 3363 bene
268 3294 425 3385 memini),
454 3320 540 3383 quae
567 3309 728 3382 perpetuo
755 3298 879 3378 stillat3
917 3297 1001 3362 adeo
1027 3307 1064 3361 ut
1090 3295 1304 3360 inhabitanti-

155 3402 217 3465 bus
234 3403 425 3467 nonnullam
442 3404 714 3468 commoditatem
734 3424 841 3486 aquae
860 3398 1070 3486 praebeat¹¹.
1115 3399 1305 3464 Paracelsus

191 3697 202 3728 ⁰
221 3697 297 3751 That
309 3699 340 3765 is,
352 3698 526 3767 sympathies.

191 3780 214 3814 ¹⁰
232 3781 303 3834 Now
316 3782 402 3834 called
415 3782 463 3834 the
476 3782 589 3834 Azores.

192 3865 213 3898 ¹¹
230 3865 316 3919 ‘This
324 3865 475 3919 wonderful
484 3871 544 3918 tree
553 3867 574 3917 is
582 3865 725 3919 described
734 3867 761 3917 ln
770 3866 911 3934 Jonstou's
920 3863 1153 3932 Dendrographia,
1163 3861 1306 3932 published

158 3949 485 4016 atFranlfortin1669.
523 3949 575 4002 See
590 3949 665 4002 book
682 3949 730 4002 the
748 3949 836 4014 tenth,
850 3964 874 4002 c.
888 3967 913 4014 4.
951 3950 1013 4000 One
1031 3946 1063 4000 ol
1078 3948 1126 4000 the
1145 3946 1306 4000 authorities

156 4035 192 4087 he
214 4034 301 4088 refers
322 4039 352 4085 to
370 4033 393 4085 is
412 4033 521 4085 Cardan
541 4031 598 4100 (De
616 4033 712 4086 variet.
730 4031 845 4102 rerum),
863 4031 936 4085 from
954 4031 1046 4084 whom
1069 4037 1119 4084 not
1137 4030 1307 4100 improbably

158 4116 252 4172 Bacon
265 4116 376 4170 derived
392 4116 440 4168 the
453 4121 538 4183 story.
575 4115 639 4169 The
657 4121 718 4169 tree
736 4115 759 4168 is
776 4114 834 4168 said
853 4121 883 4168 to
902 4115 937 4169 be
956 4113 1042 4168 found
1060 4115 1088 4167 in
1106 4115 1155 4167 the
1173 4113 1259 4167 island
1277 4112 1309 4166 ol

159 4201 255 4254 Ferro.
293 4200 411 4266 Cardan‚
424 4199 490 4252 with
510 4215 588 4252 more
607 4199 673 4252 than
691 4199 767 4252 usual
786 4199 906 4266 cantion,
924 4198 1055 4261 remarks,
1074 4205 1102 4252 at
1120 4198 1169 4251 the
1187 4199 1260 4251 close
1279 4197 1311 4249 of

157 4283 206 4337 the
225 4289 344 4336 account
362 4282 397 4334 he
416 4282 489 4348 gives
506 4280 538 4335 ol
554 4283 591 4336 it:
612 4282 691 4335 “Sed
709 4287 855 4351 postquam
874 4281 928 4335 hoc
945 4288 989 4336 tot
1004 4282 1151 4350 scriptores
1163 4279 1307 4348 affirmant,

158 4366 217 4419 lieri
229 4371 320 4434 potest
333 4371 363 4418 ut
376 4365 430 4418 tale
446 4365 548 4435 aliquid
561 4366 711 4433 contingat,
724 4365 772 4419 sed
784 4365 882 4418 modus
895 4364 1018 4418 nondum
1030 4371 1190 4434 perspectus
1202 4363 1308 4418 est.”-

159 4449 203 4502 De
220 4463 312 4502 rerum
324 4449 420 4501 variet.
433 4449 468 4502 vi.
481 4464 505 4504 c.
520 4449 572 4501 22!
610 4449 666 4503 Mr.
680 4449 754 4502 Ellis’
768 4456 844 4503 note.
881 4449 938 4502 Mr.
951 4449 1017 4501 Ellis
1035 4449 1169 4517 proceeds
1185 4455 1217 4501 to
1234 4447 1309 4502 refer

157 4539 187 4586 to
203 4531 343 4586 Ramusio.
380 4532 434 4587 His
446 4531 598 4602 reference,
611 4534 748 4604 however,
761 4534 784 4589 is
796 4535 948 4602 altogether
965 4534 1133 4602 misleading.
1170 4535 1233 4588 The
1246 4539 1308 4588 true
