3306 5102
663 420 745 478 LIB.
768 420 812 478 II.
836 428 888 478 20.
1246 501 1249 515 y
1289 434 1352 502 399

198 583 288 652 aliud
319 583 559 650 calefactivum.
613 585 704 650 Nam
735 605 795 668 per
825 591 953 649 motum
983 583 1161 650 attritionis
1187 586 1353 654 inducitur

199 689 288 754 calor
302 689 427 772 absque
447 689 559 772 aliquo
579 689 688 754 calido
708 689 939 772 praecedente,
957 689 1044 754 unde
1063 690 1252 754 excluditur
1266 692 1352 757 cale-

199 791 356 858 factivum
379 813 400 857 a
422 791 528 857 forma
549 792 655 857 calidi.
701 791 818 875 Atque
843 792 944 856 etiam
968 793 1023 856 ubi
1046 793 1191 858 calidum
1214 796 1353 860 efficitur

199 917 259 981 per
287 896 610 980 approximationem
641 895 749 976 calidi,
775 895 839 960 hoc
869 897 977 982 ipsum
1007 917 1074 961 non
1105 898 1143 962 fit
1171 919 1216 964 ex
1246 899 1353 965 forma

200 1001 307 1080 calidi,
335 1001 393 1064 sed
424 999 559 1064 omnino
585 1001 709 1082 pendet
735 1023 755 1065 a
783 1010 901 1064 natura
928 1001 1045 1066 altiore
1072 1010 1105 1066 et
1131 1004 1237 1086 magis
1263 1025 1353 1068 com-

201 1106 313 1183 muni;
335 1105 396 1168 viz.
419 1126 464 1169 ex
483 1114 600 1169 natura
621 1106 868 1170 assimilationis
891 1106 959 1170 sive
983 1106 1267 1189 multiplicationis
1283 1109 1353 1186 sui;

202 1208 245 1274 de
267 1230 332 1291 qua
354 1208 504 1272 facienda
527 1218 579 1272 est
601 1211 779 1292 separatim
806 1209 974 1292 inquisitio
984 1209 1007 1272 ὅ.

245 1311 296 1377 At
319 1313 410 1376 notio
433 1313 517 1394 ignis
539 1313 669 1396 plebeia
692 1323 752 1390 est,
772 1323 806 1377 et
828 1313 910 1376 nihil
927 1313 1035 1378 valet:
1059 1315 1243 1397 composita
1266 1317 1354 1380 enim

202 1425 252 1482 est
272 1438 317 1481 ex
336 1436 494 1480 concursu
516 1417 571 1498 qui
592 1416 629 1479 fit
650 1415 748 1482 calidi
771 1427 804 1481 et
827 1417 928 1481 lucidi
951 1417 984 1480 in
1007 1416 1119 1499 aliquo
1141 1438 1295 1500 corpore;
1319 1429 1356 1485 ut

202 1521 236 1584 in
252 1519 388 1584 flamma
404 1520 580 1598 communi,
597 1529 630 1585 et
645 1522 837 1604 corporibus
851 1522 998 1586 accensis
1014 1541 1117 1602 usque
1131 1522 1174 1585 ad
1192 1523 1354 1588 ruborem.

248 1625 393 1688 Remoto
413 1625 525 1706 itaque
540 1625 630 1690 omni
646 1626 838 1707 aequivoco,
851 1626 1052 1691 veniendum
1065 1625 1135 1707 jam
1152 1626 1287 1691 tandem
1304 1639 1355 1693 est

203 1728 246 1794 ad
271 1727 474 1808 differentias
498 1749 600 1805 veras,
627 1749 713 1811 quae
742 1729 886 1794 limitant
914 1740 1043 1793 motum
1070 1739 1102 1794 et
1129 1731 1357 1796 constituunt⁶

205 1852 279 1898 eum
303 1833 336 1897 in
358 1832 499 1896 formam
522 1831 629 1898 calidi.

334 2013 457 2078 Prima
479 2012 578 2096 igitur
599 2011 784 2094 differenda
807 2034 846 2078 ea
870 2024 930 2094 est,
953 2014 1042 2097 quod
1066 2014 1154 2081 calor
1177 2016 1220 2081 sit
1247 2024 1358 2082 motus

293 2116 522 2198 expansivus⁷‚
538 2137 596 2200 per
614 2139 714 2200 quem
731 2139 849 2200 corpus
867 2119 981 2182 nititur
995 2120 1038 2183 ad
1055 2120 1283 2186 dilatationem
1300 2122 1360 2201 sui,

294 2228 327 2282 et
342 2219 542 2304 recipiendi⁸
558 2241 593 2285 se
614 2221 647 2284 in
668 2221 827 2304 majorem
843 2222 1018 2304 sphaeram
1034 2223 1103 2288 sive
1118 2224 1359 2290 dimensionem

294 2343 393 2405 quam
414 2325 503 2407 prius
524 2332 751 2408 occupaverat.
797 2325 891 2389 Haec
911 2335 1023 2391 autem
1043 2325 1230 2408 differentzb
1253 2331 1361 2393 maxi·

293 2449 348 2492 me
367 2430 553 2493 ostenditur
573 2430 605 2492 in
627 2428 782 2507 flamma;
806 2429 863 2492 ubi
879 2429 990 2493 fumus
1005 2430 1074 2494 sive
1089 2417 1212 2496 halitus
1227 2432 1360 2516 pinguis

295 2531 469 2597 manifesto
485 2532 643 2598 dilatatur
658 2542 692 2598 et
707 2533 814 2616 aperit
829 2555 865 2598 se
881 2534 914 2597 in
930 2533 1110 2600 flammam.

338 2639 534 2704 Ostenditur
556 2640 657 2704 etiam
680 2640 713 2702 in
737 2639 828 2704 omni
851 2639 978 2721 liquore
1000 2639 1156 2716 fervente,
1179 2639 1235 2722 qui
1259 2640 1363 2702 mani·

294 2741 379 2807 festo
402 2744 601 2821 intumescit,
621 2743 769 2827 insurgit,
789 2753 823 2809 et
845 2743 969 2808 emittit
991 2743 1120 2822 bullas;
1142 2753 1244 2826 atque
1267 2753 1364 2826 urget

295 2867 484 2930 processum
501 2849 713 2931 expandendi
730 2870 774 2928 se,
790 2849 896 2913 donec
911 2857 1060 2913 vertatur
1077 2848 1109 2911 in
1128 2868 1248 2932 corpus
1263 2848 1363 2931 longe

297 2953 401 3034 magis
422 2961 606 3038 extensum,
623 2961 657 3018 et
679 2954 854 3017 dilatatum
877 2973 978 3035 quam
999 2955 1042 3018 sit
1061 2951 1133 3035 ipse
1152 2951 1279 3036 liquor3
1300 2953 1363 3018 viz.

297 3055 330 3118 in
345 3043 503 3139 vaporem
519 3065 578 3122 aut
592 3056 721 3122 fumum
737 3065 795 3122 aut
810 3058 950 3122 aerem9.

245 3276 256 3308 ⁸
276 3280 328 3332 See
340 3279 411 3348 Aph.
425 3285 468 3348 48,
482 3281 594 3334 ‘Motus
606 3280 787 3336 undecimus!

245 3361 256 3392 ⁸
276 3363 308 3415 ln
322 3362 370 3416 the
383 3363 514 3432 language
526 3363 558 3418 of
572 3365 620 3418 the
633 3365 778 3418 scholastic
790 3364 870 3432 logie,
883 3363 932 3417 the
945 3362 1099 3417 differentia
1112 3363 1135 3416 is
1151 3363 1209 3418 said
1226 3368 1257 3416 to
1273 3362 1364 3417 divide

210 3447 260 3500 the
272 3463 358 3513 genus
371 3447 425 3500 and
438 3452 469 3500 to
482 3449 634 3502 constitute
646 3449 694 3502 the
707 3449 821 3517 species.

246 3527 257 3562 ¹
277 3531 308 3584 ln
320 3530 389 3599 Aph.
403 3535 443 3597 18,
458 3531 525 3585 Inst.
538 3549 578 3598 ro,
591 3531 627 3585 he
641 3531 743 3600 rejects
756 3534 878 3588 ‘motum
892 3531 1078 3601 expansivum,
1090 3531 1241 3584 secundum
1254 3527 1365 3595 totum,'

210 3613 263 3666 and
276 3613 304 3666 in
317 3614 365 3667 the
377 3613 452 3668 third
464 3613 619 3669 differentia
631 3615 755 3682 assigned
768 3616 796 3668 in
809 3615 863 3668 this
879 3615 1036 3682 Aphorism,
1049 3615 1084 3668 he
1101 3614 1240 3667 describes
1255 3613 1320 3665 heat
1337 3627 1367 3664 as

210 3700 329 3762 ‘motus
348 3713 403 3751 non
420 3698 580 3767 expansivus
597 3698 772 3752 uniformiter
787 3697 938 3752 secundum
955 3705 1055 3764 totum,
1071 3696 1120 3750 sed
1137 3696 1298 3764 expansivus
1316 3711 1367 3764 per

210 3781 356 3851 particulas
381 3782 500 3836 minores
524 3783 664 3850 corporis!
711 3782 738 3834 lt
760 3782 781 3834 is
802 3781 925 3848 difficult,
945 3781 1082 3842 however,
1104 3785 1136 3833 to
1159 3795 1205 3834 see
1230 3779 1293 3832 how
1318 3778 1366 3830 the

210 3865 315 3918 minute
333 3865 461 3933 particles
473 3865 505 3918 of
519 3881 535 3919 a
551 3865 626 3934 body
638 3865 719 3918 could
737 3864 772 3917 be
790 3863 932 3932 expanded
945 3863 1065 3917 without
1075 3863 1187 3929 causing
1203 3861 1251 3915 the
1264 3878 1367 3930 expan-

208 3949 269 4003 sion
284 3947 316 4001 of
329 3949 378 4002 the
391 3949 480 4002 whole
496 3949 580 4018 body,
593 3947 737 4016 especially
749 3963 778 4000 as
791 3947 885 4001 Bacon
900 3946 957 4016 (see
970 3945 1041 4016 Aph.
1056 3945 1083 4012 8)
1097 3945 1221 4013 rejected
1239 3945 1287 4000 the
1306 3945 1368 3999 idea

208 4032 242 4086 of
261 4048 277 4086 a
299 4047 414 4088 vacuum
436 4033 564 4086 between
585 4032 634 4085 the
655 4031 791 4098 particles.
827 4032 866 4084 As
887 4046 904 4083 a
925 4029 990 4095 fact,
1009 4029 1044 4083 all
1063 4028 1159 4083 bodies
1179 4028 1256 4098 (with
1276 4045 1292 4082 a
1313 4029 1367 4082 few

208 4117 377 4184 exceptions,
393 4116 462 4169 such
479 4133 509 4170 as
527 4121 614 4170 water
631 4115 758 4168 between
780 4115 826 4179 32⁰
840 4113 895 4167 and
917 4113 961 4180 39⁰
980 4112 1156 4179 Fahrenheit,
1173 4113 1227 4166 and
1245 4111 1368 4166 bismuth

209 4206 239 4254 at
258 4199 307 4254 the
328 4206 454 4254 moment
474 4199 507 4254 of
523 4197 726 4269 solidiiication)
746 4198 854 4266 expand
875 4197 942 4252 with
963 4213 998 4252 an
1018 4197 1225 4265 augmentation
1244 4195 1277 4250 of
1294 4203 1368 4250 tem·

209 4289 349 4353 perature.

246 4365 257 4396 ⁸
275 4366 354 4432 This,
367 4366 457 4420 which
470 4367 492 4420 is
503 4367 552 4420 the
565 4367 678 4434 reading
690 4365 722 4421 oi
731 4367 780 4420 the
794 4367 868 4420 First
882 4365 1002 4432 Edition,
1014 4369 1089 4418 must
1105 4363 1140 4417 be
1153 4379 1169 4418 a
1181 4362 1308 4432 misprint
1323 4362 1370 4417 for

211 4449 437 4518 ‘recipiendum’
448 4453 496 4504 the
508 4451 622 4519 reading
633 4451 666 4505 of
675 4451 724 4506 the
736 4450 839 4506 second
852 4449 906 4504 and
921 4455 994 4503 most
1006 4447 1175 4517 subsequent
1187 4447 1312 4501 editions.

247 4531 259 4564 ⁸
277 4533 330 4602 Cp.
343 4549 378 4588 an
391 4533 553 4603 interesting
564 4550 675 4604 passage
688 4552 725 4590 on
738 4535 785 4590 the
798 4533 960 4589 couversion
976 4531 1008 4586 of
1024 4531 1106 4588 solids
1123 4531 1183 4586 into
1195 4531 1302 4602 liquide,
1315 4533 1371 4587 aud
