3324 5110
668 452 749 510 ΠΒ.
772 455 799 511 J.
824 443 875 530 85.
1283 459 1346 526 279

193 619 282 676 artes
307 611 458 676 liberales
485 612 645 696 pertinet;
680 625 738 678 aut
766 617 866 680 etiam
893 636 966 680 eam
989 633 1074 697 quae
1100 612 1144 676 ad
1172 629 1346 694 corporum

193 715 390 779 naturalium
413 719 698 799 praeparationem
723 740 784 801 per
804 729 892 784 artes
916 718 1123 783 mechanicas
1149 723 1286 798 spectat,
1313 723 1347 778 et

192 816 382 899 hujusmodi
392 841 443 883 res
453 822 622 902 suspiciat;
645 822 747 887 veluti
759 823 982 886 inventionem
996 832 1145 885 motuum
1156 817 1346 883 coelestium

194 922 227 985 in
258 925 468 1003 astronomia,
498 935 715 990 concentuum
750 929 782 990 in
814 928 946 1005 musica,
975 926 1143 990 literarum
1176 923 1347 1006 alphabeti

195 1023 295 1109 (quae
321 1028 423 1090 etiam
449 1027 556 1093 adhuc
583 1031 616 1094 in
644 1051 745 1113 regno
771 1030 924 1096 Sinarum
949 1031 981 1094 in
1012 1051 1072 1094 usu
1100 1049 1165 1093 non
1192 1025 1282 1112 sunt)
1313 1029 1346 1090 in

195 1131 433 1210 grammatica;
464 1142 522 1196 aut
551 1153 661 1197 rursus
685 1135 718 1196 in
745 1135 951 1212 mechanicis,
976 1133 1137 1198 factorum
1165 1131 1285 1194 Bacchi
1313 1139 1347 1194 et

198 1231 334 1308 Cereris,
350 1233 413 1298 hoc
429 1243 487 1313 est,
502 1238 789 1317 praeparationum
804 1239 871 1300 vini
887 1247 920 1302 et
935 1238 1098 1310 cervisiae,
1111 1235 1347 1318 panificiorum,

196 1337 378 1399 autetiam
402 1358 535 1402 mensae
557 1338 752 1418 delitiarum,
775 1349 809 1403 et
831 1340 1092 1418 distillationum,
1115 1349 1149 1404 et
1172 1337 1347 1401 similium:

195 1438 250 1502 ille
266 1460 406 1522 quoque,
422 1442 449 1504 si
464 1462 574 1506 secum
591 1445 723 1526 cogitet,
739 1453 772 1507 et
788 1444 935 1506 animum
953 1445 1114 1518 advertat,
1130 1463 1189 1525 per
1205 1451 1348 1523 quantos

195 1550 382 1624 temporum
401 1545 551 1608 circuitus
574 1543 663 1626 (cum
681 1546 764 1611 haec
786 1547 905 1623 omnia,
928 1556 1058 1629 praeter
1079 1541 1349 1621 distillationesae,

195 1646 329 1722 antiqua
347 1647 481 1734 suerint)
503 1649 584 1713 haec
601 1651 644 1713 ad
664 1670 749 1726 eam,
768 1670 868 1732 quam
892 1670 977 1714 nunc
999 1649 1168 1726 habemus,
1187 1648 1349 1712 culturam

197 1750 356 1828 perducta
382 1753 457 1830 sint,
483 1763 517 1817 et
543 1751 594 1838 (ut
620 1754 690 1836 jam
721 1755 764 1818 de
786 1753 965 1835 horologiis
995 1753 1121 1816 dictum
1152 1749 1217 1836 est)
1247 1770 1347 1832 quarn

196 1870 313 1931 pamm
337 1853 481 1920 habeant
506 1878 550 1920 ex
577 1858 860 1922 observationibus
887 1866 921 1920 et
951 1856 1175 1919 axiomatibus
1204 1863 1350 1930 naturae,

197 1961 299 2036 atque
328 1978 429 2040 quarn
458 1959 562 2036 iacile,
594 1970 627 2025 et
657 1970 818 2043 tanquam
854 1981 914 2042 per
942 1960 1132 2023 occasiones
1164 1957 1278 2021 obvias
1316 1967 1351 2022 et

198 2061 497 2142 contemplationes
536 2065 746 2138 incurrentes
784 2065 847 2127 ista
886 2062 1023 2126 inveniri
1062 2063 1250 2145 potuerint:
1296 2061 1351 2124 ille

198 2159 362 2249 (inquam)
387 2167 431 2229 ab
455 2167 546 2230 omni
572 2167 792 2231 admiratione
818 2186 853 2229 se
876 2165 972 2230 facile
993 2166 1156 2241 liberabit,
1184 2175 1218 2229 et
1240 2166 1351 2246 potius

197 2263 364 2331 humanae
389 2270 588 2334 conditionis
615 2270 828 2347 miserebitur,
854 2270 944 2351 quod
969 2289 1028 2351 per
1049 2279 1101 2334 tot
1124 2268 1234 2333 secula
1258 2279 1352 2334 tanta

197 2367 295 2432 suerit
316 2391 423 2435 rerum
442 2383 476 2436 et
496 2373 702 2438 inventorum
723 2373 860 2455 penuria
880 2382 913 2437 et
932 2374 1095 2436 sterilitas.
1140 2371 1256 2453 Atque
1270 2372 1352 2436 haec

198 2470 270 2553 ipsa
290 2481 413 2551 tamen,
434 2496 572 2558 quorum
592 2496 677 2539 nunc
696 2477 898 2540 mentionem
917 2475 1063 2554 fecimus,
1083 2475 1225 2551 inventa,
1246 2473 1352 2555 philo·

198 2575 316 2657 sophia
338 2587 372 2642 et
394 2579 519 2642 artibus
541 2579 726 2642 intellectus
749 2580 934 2661 antiquiora
957 2579 1106 2642 suerunt:
1138 2578 1221 2640 adeo
1247 2587 1284 2641 ut
1310 2574 1352 2660 (si

198 2699 311 2742 vemm
337 2680 514 2744 dicendum
537 2681 593 2767 sit)
619 2703 694 2748 curn
721 2681 910 2762 hujusmodi
934 2682 1091 2746 scientiae
1116 2677 1292 2744 rationales
1319 2689 1352 2744 et

198 2783 408 2864 dogmaticae
426 2785 616 2866 inceperint,
631 2786 776 2849 inventio
791 2807 928 2868 operum
944 2786 1074 2849 utilium
1091 2781 1262 2847 desierit³⁹.

243 2885 343 2969 Quod
366 2888 392 2951 si
416 2889 488 2970 quis
510 2890 554 2952 ab
576 2889 713 2953 officinis
735 2892 778 2954 ad
801 2890 1017 2954 bibliothecas
1039 2909 1075 2952 se
1096 2886 1302 2964 converterit,
1317 2896 1352 2951 et

198 2991 402 3069 immensam,
411 3012 513 3075 quam
528 2993 690 3070 videmus,
706 2993 863 3057 librorum
876 2995 1068 3057 varietatem
1085 2993 1118 3055 in
1133 2991 1352 3056 admiratione

198 3093 360 3171 habuerit,
391 3095 426 3172 is,
456 3098 656 3162 examinatis
687 3107 720 3162 et
750 3098 940 3180 diligentius
969 3097 1177 3178 introspectis
1206 3097 1352 3178 ipsorum

198 3197 353 3262 librorum
370 3201 515 3264 materiis
528 3211 561 3264 et
573 3201 745 3279 contentis,
757 3203 970 3284 obstupescet
982 3212 1070 3266 certe
1085 3203 1118 3265 in
1134 3202 1352 3280 contrarium;

198 3311 232 3365 et
258 3312 436 3386 postquam
462 3303 589 3366 nullum
616 3303 685 3367 dari
713 3305 812 3367 finem
844 3305 1095 3386 repetitionibus
1121 3305 1351 3383 observaverit,

197 3425 362 3488 quamque
380 3406 530 3469 homines
554 3406 670 3470 eadem
691 3416 793 3490 agant
814 3416 848 3471 et
867 3407 1055 3490 loquantur,
1072 3409 1115 3472 ab
1133 3408 1352 3471 admiratione

196 3509 365 3572 varietatis
394 3509 547 3573 transibit
577 3510 620 3572 ad
652 3510 844 3574 miraculum
874 3509 1076 3593 indigentiae
1106 3520 1141 3574 et
1176 3511 1351 3594 paucitatis

197 3630 308 3674 earum
340 3631 446 3675 rerum
476 3633 562 3696 quae
590 3612 762 3676 hominum
794 3621 923 3677 mentes
959 3613 1067 3677 adhuc
1105 3623 1281 3678 tenuemnt
1318 3623 1352 3678 et

197 3724 409 3798 occuparunt.

232 3948 254 3980 ⁸⁸
272 3951 442 4004 Distillation
455 3949 477 4002 is
489 3949 625 4018 generally
638 3949 773 4018 supposed
783 3956 813 4003 to
826 3949 894 4002 have
907 3947 978 4001 been
991 3947 1156 4002 introduced
1169 3947 1228 4001 into
1241 3947 1352 4016 Europe

195 4033 233 4103 by
251 4034 299 4086 the
322 4035 420 4088 Moors
439 4033 524 4087 about
546 4047 608 4087 mn.
633 4051 708 4100 1150,
728 4033 779 4085 but
801 4049 830 4086 as
847 4031 960 4096 regards
979 4032 1013 4085 its
1031 4033 1129 4085 earlier
1150 4031 1254 4096 history
1273 4032 1352 4086 there

196 4117 218 4170 is
230 4117 419 4172 considerable
431 4116 572 4186 difficulty.
610 4117 664 4169 Mr.
680 4117 745 4168 Ellis
762 4115 849 4169 refers
865 4121 896 4168 to
909 4115 1027 4182 Dutens,
1042 4116 1155 4182 Origine
1172 4115 1221 4168 des
1240 4115 1352 4168 Decou·

196 4209 293 4268 vertes,
303 4202 361 4267 δια,
370 4217 396 4269 p.
412 4206 458 4264 187
472 4199 504 4253 of
513 4200 560 4253 the
569 4198 687 4252 London
702 4198 822 4266 Edition,
835 4198 889 4252 and
904 4198 1083 4253 Humboldt's
1097 4199 1221 4252 Examen
1235 4199 1353 4267 critique

196 4285 231 4338 de
244 4285 388 4338 l'Histoire
401 4283 435 4337 de
449 4284 473 4338 la
486 4283 668 4352 Geographie,
681 4283 740 4349 δια,
753 4282 805 4335 νοΙ.
819 4282 845 4336 ii.
858 4299 885 4352 p.
901 4284 960 4347 306.

233 4365 255 4398 ⁸⁹
274 4367 344 4421 This
363 4368 392 4432 is,
406 4367 438 4420 oi
454 4383 559 4434 course,
572 4383 606 4420 an
624 4367 826 4433 exaggeration.
864 4367 890 4419 lt
903 4367 924 4420 is
937 4372 1008 4434 tme‚
1021 4365 1158 4429 however,
1171 4365 1232 4418 that
1245 4364 1354 4418 neither

198 4453 307 4506 science
320 4465 373 4504 nor
384 4449 545 4518 philosophy
558 4466 636 4504 carne
649 4451 708 4503 into
721 4450 868 4515 existence,
882 4466 914 4501 or
931 4449 1012 4503 could
1025 4449 1093 4503 have
1105 4465 1184 4503 come
1198 4449 1256 4503 into
1269 4449 1352 4503 exist·
1386 4509 1388 4514 ¹

199 4533 332 4603 ence‚till
343 4534 391 4587 the
403 4534 523 4604 primary
536 4539 623 4587 wants
635 4532 667 4586 of
676 4532 722 4586 life
735 4549 808 4588 were
820 4531 947 4586 satisfied.
