3324 5110
313 465 376 532 270
691 457 849 515 novun
867 459 1087 518 ononnrur.

313 620 370 703 qui
387 621 416 685 ei
430 619 644 700 incubuerint,
659 630 834 686 vacantem
849 631 884 688 et
899 622 1062 706 integrum
1078 606 1256 700 hominem,
1271 607 1465 708 praesertim

312 724 365 788 his
389 726 620 789 recentioribus
648 727 863 808 temporibus,
887 727 947 790 vix
974 737 1072 791 nacta
1096 728 1158 806 sit;
1190 729 1252 792 nisi
1277 729 1362 794 forte
1393 730 1467 812 quis

314 827 468 892 monachi
487 827 624 910 alicujus
645 829 678 891 in
699 829 826 907 cellula,
844 839 902 894 aut
923 829 1042 893 nobilis
1064 831 1096 893 in
1117 830 1230 895 villula
1253 831 1465 908 lucubrantis‚

315 932 507 1014 exemplum
519 933 696 996 adduxerit
705 931 749 996 ²¹:
773 934 832 996 sed
849 932 935 997 lacta
951 943 1002 996 est
1025 933 1160 998 demum
1182 935 1339 998 naturalis
1359 935 1465 1018 philo·

313 1035 430 1119 sophia
445 1037 547 1100 instar
562 1037 719 1100 transitus
734 1035 906 1117 cujusdam
922 1045 956 1099 et
971 1038 1178 1118 pontisternii
1199 1040 1241 1102 ad
1261 1038 1335 1103 alia.

356 1139 473 1223 Atque
496 1160 615 1222 magna
639 1141 702 1203 ista
724 1140 934 1204 scientiarum
959 1149 1066 1203 mater
1092 1141 1174 1205 mira
1200 1141 1397 1224 indignitate
1422 1141 1465 1205 ad

313 1245 421 1310 officia
447 1246 585 1328 ancillae
611 1246 745 1309 detrusa
770 1255 839 1322 est;
866 1265 953 1327 quae
987 1244 1170 1309 medicinae
1193 1254 1252 1310 aut
1282 1246 1466 1310 mathema·

312 1348 430 1413 tices22
464 1349 618 1432 operibus
656 1349 828 1426 ministret,
859 1359 895 1413 et
933 1369 1042 1411 rursus
1082 1369 1168 1431 quae
1206 1350 1465 1414 adolescentium

314 1453 491 1517 immatura
521 1452 652 1535 ingenia
686 1452 775 1516 lavet
804 1461 836 1516 et
867 1451 995 1514 imbuat
1024 1451 1114 1515 velut
1149 1453 1291 1518 tinctura
1319 1454 1465 1536 quadam

313 1559 429 1642 prima,
460 1567 497 1621 ut
533 1557 632 1620 aliam
663 1566 780 1638 postea
806 1555 953 1620 foelicius
983 1565 1018 1619 et
1049 1559 1257 1622 commodius
1287 1559 1465 1639 excipiant.

315 1663 452 1726 Interim
492 1682 590 1725 nemo
629 1669 786 1743 expectet
816 1680 974 1743 magnum
1013 1680 1223 1743 progressum
1254 1663 1287 1725 in
1322 1662 1466 1726 scientiis

313 1765 521 1851 (praesertim
537 1767 569 1828 in
579 1775 673 1848 parte
683 1785 794 1828 earum
807 1762 999 1848 operativa),
1010 1765 1071 1827 nisi
1088 1765 1296 1849 philosophia
1309 1764 1465 1830 naturalis

313 1873 356 1934 ad
373 1871 525 1934 scientias
547 1867 759 1951 particulares
780 1869 941 1952 producta
965 1867 1071 1943 luerit,
1089 1877 1123 1931 et
1146 1871 1302 1934 scientiae
1324 1870 1465 1952 particu-

314 1974 398 2038 lares
413 1994 521 2037 rursus
536 1973 578 2036 ad
595 1973 777 2037 naturalem
793 1971 1037 2055 philosophiam
1055 1973 1220 2038 reductae.
1268 1974 1358 2038 Hinc
1376 1972 1465 2036 enim

313 2080 360 2157 fit,
375 2088 412 2142 ut
434 2079 642 2156 astronomia,
663 2077 782 2160 optica,
802 2078 935 2154 musica,
952 2077 1112 2159 plurimae
1134 2088 1221 2143 artes
1244 2077 1464 2152 mechanicae,

313 2192 414 2265 atque
436 2184 507 2265 ipsa
527 2181 700 2257 medicina,
723 2190 825 2263 atque
844 2177 948 2265 (quod
974 2182 1046 2262 quis
1065 2182 1171 2264 magis
1189 2180 1339 2266 miretur)
1360 2181 1465 2264 philo·

314 2287 429 2370 sophia
445 2286 577 2351 moralis
595 2296 629 2349 et
651 2285 762 2362 civilis,
777 2293 811 2348 et
834 2285 989 2348 scientiae
1011 2284 1146 2368 logicae,
1162 2287 1207 2349 nil
1231 2286 1297 2349 lere
1319 2285 1465 2349 habeant

313 2392 497 2456 altitudinis
527 2392 560 2454 in
589 2389 772 2472 profundo:
803 2389 861 2452 sed
888 2408 947 2470 per
973 2389 1179 2470 superficiem
1210 2399 1243 2454 et
1272 2391 1465 2454 varietatem

313 2517 421 2561 rerum
450 2504 581 2560 tantum
614 2493 786 2557 labantur:
818 2492 903 2574 quia,
931 2501 1108 2574 postquam
1139 2493 1351 2575 particulares
1382 2493 1465 2555 istae

312 2601 469 2666 scientiae
506 2597 700 2680 dispertitae
736 2606 770 2659 et
807 2595 1008 2659 constitutae
1046 2594 1175 2674 luerint,
1205 2617 1226 2659 a
1256 2595 1466 2679 philosophia

314 2705 453 2770 naturali
469 2724 534 2768 non
551 2700 693 2785 amplius
712 2700 866 2776 aluntur;
890 2719 975 2780 quae
998 2719 1042 2761 ex
1064 2699 1210 2762 lontibus
1226 2708 1259 2763 et
1281 2700 1365 2763 veris
1387 2718 1465 2762 con-

313 2808 586 2890 templationibus
624 2815 785 2883 motuum,
820 2804 995 2880 radiorum,
1031 2823 1196 2882 sonorum,
1237 2813 1400 2878 texturae,
1430 2812 1466 2868 et

313 2912 536 2977 schematismi
573 2929 754 2992 corporum,
790 2908 976 2984 affectuum,
1006 2916 1039 2970 et
1077 2907 1331 2989 prehensionum
1369 2906 1466 2970 intel·

313 3015 510 3089 lectualium,
526 3035 629 3078 novas
651 3013 735 3076 vires
757 3020 790 3075 et
811 3020 990 3095 augmenta
1010 3010 1072 3074 illis
1095 3011 1254 3094 impertiri
1276 3011 1420 3093 potuerit
1428 3007 1465 3074 ¹³.

347 3167 368 3199 ²¹
390 3169 422 3221 In
439 3168 487 3220 the
507 3167 634 3234 Cogitata
650 3172 679 3219 et
693 3165 757 3218 Visa
771 3163 815 3234 (E.
830 3163 883 3216 and
897 3165 932 3229 S,
946 3164 998 3216 vol.
1012 3163 1047 3216 iii
1060 3179 1087 3232 p.
1101 3165 1174 3234 595),
1188 3164 1281 3218 Bacou
1294 3163 1361 3218 adds
1374 3163 1465 3233 ‘quod

312 3258 342 3306 et
354 3251 520 3305 rarissimum
533 3247 704 3318 reperietur!

350 3336 377 3388 lt
390 3334 438 3386 bas
449 3333 527 3388 often
539 3332 612 3385 been
629 3329 773 3398 suggested
789 3329 850 3382 that
865 3329 913 3382 the
928 3329 1054 3383 allusions
1071 3330 1097 3382 in
1112 3328 1165 3382 this
1177 3345 1287 3399 passage
1300 3347 1346 3384 are
1359 3329 1466 3398 specili-

312 3419 381 3488 cally
394 3425 424 3469 to
440 3417 533 3483 Roger
549 3415 642 3468 Bacon
660 3413 714 3466 and
733 3413 890 3465 Descartes.
928 3412 983 3465 But
1003 3414 1152 3466 Descartes
1172 3412 1225 3466 had
1242 3420 1291 3467 not
1308 3420 1355 3484 yet
1369 3411 1464 3484 (1620)

312 3501 454 3572 published
467 3516 520 3568 any
532 3499 631 3564 works,
644 3498 706 3564 aud,
718 3514 748 3551 as
765 3497 802 3550 he
819 3512 874 3550 was
891 3497 955 3566 only
967 3496 1037 3549 born
1050 3497 1077 3549 in
1095 3498 1171 3562 1596,
1184 3496 1220 3549 be
1232 3504 1335 3551 cannot
1347 3496 1466 3567 possibly

311 3587 379 3640 have
398 3587 468 3640 been
486 3583 594 3637 alluded
611 3589 643 3636 to
659 3582 696 3651 by
710 3580 803 3634 Bacon
822 3581 849 3634 in
868 3580 916 3633 the
929 3581 1057 3648 Cogitata
1075 3586 1104 3634 et
1123 3580 1196 3647 Visa,
1213 3582 1301 3636 which
1314 3597 1369 3635 was
1387 3597 1464 3634 com·

310 3669 396 3739 posed
408 3669 493 3723 about
508 3669 584 3731 1607.

346 3751 369 3785 ²¹
388 3753 421 3806 ln
434 3753 482 3805 the
492 3751 537 3804 De
548 3749 719 3818 Augmentis‚
730 3747 926 3802 Mathematics
935 3763 981 3802 are
994 3747 1083 3801 called
1094 3745 1143 3800 the
1156 3746 1249 3814 ‘great
1262 3747 1423 3815 Appendix’
1436 3745 1468 3800 of

311 3837 426 3890 Natural
443 3834 607 3902 Philosophy
621 3831 678 3902 (lib.
692 3833 728 3884 iii.
741 3847 800 3900 cap.
814 3829 853 3899 6),
867 3831 946 3884 while
960 3831 1100 3884 Medicine
1117 3831 1139 3883 is
1158 3846 1212 3883 one
1227 3829 1260 3884 oi
1274 3831 1322 3884 tbe
1337 3830 1466 3884 divisions

311 3922 343 3976 of
355 3921 468 3974 Human
480 3917 654 3986 Philosophy,
667 3915 821 3969 ‘Doctrina
832 3916 867 3967 de
882 3916 1019 3968 Homine’
1034 3915 1090 3985 (lib.
1105 3915 1139 3968 iv.
1149 3929 1209 3982 cap.
1224 3911 1262 3981 s).

346 4002 368 4036 '⁸
388 4005 474 4072 Apart
491 4001 563 4055 from
581 4001 629 4054 the
649 4001 775 4068 question
793 3999 825 4052 ol
840 3999 888 4052 tbe
907 3999 1079 4067 appropriate
1097 4015 1131 4052 or
1149 3997 1351 4066 inappropn‘ate
1369 4013 1417 4051 use
1436 3995 1468 4050 oi

309 4089 359 4143 the
376 4095 449 4143 term
468 4085 601 4140 ‘Natural
619 4083 803 4153 Philosophy,'
819 4083 899 4137 there
917 4098 967 4136 can
986 4083 1021 4135 be
1040 4083 1109 4136 little
1122 4084 1250 4153 question
1268 4081 1329 4136 that
1349 4082 1465 4136 Bacon's
1497 4069 1504 4131 i

310 4172 428 4240 thought
452 4170 518 4223 bere
538 4170 596 4222 isa
613 4168 671 4236 just
696 4183 759 4221 one.
796 4167 886 4234 Every
906 4165 1006 4234 special
1027 4171 1070 4219 art
1091 4181 1125 4219 or
1143 4166 1252 4220 science
1272 4166 1359 4233 ought
1378 4171 1410 4218 to
1430 4165 1465 4218 be

310 4257 419 4312 treated
438 4256 466 4308 in
485 4253 628 4307 reference
645 4258 677 4303 to
693 4251 743 4304 tbe
762 4250 871 4318 general
890 4249 998 4302 science
1016 4250 1105 4303 under
1122 4249 1211 4304 which
1230 4251 1252 4302 it
1272 4249 1339 4303 falls
1377 4249 1465 4314 Thus,

311 4341 396 4408 Logic
417 4339 440 4392 is
461 4336 608 4407 empirical‚
629 4335 720 4388 unless
740 4335 824 4388 based
845 4349 882 4386 on
902 4333 1081 4403 Psychology,
1101 4333 1250 4401 Medicine,
1269 4333 1360 4386 unless
1380 4330 1465 4385 based
1494 4333 1502 4361 l

310 4441 347 4478 on
366 4441 382 4476 a
400 4421 560 4486 knowledge
579 4417 611 4471 ol
627 4417 798 4486 Physiology,
817 4417 985 4483 Mechanics,
1004 4418 1094 4470 unless
1112 4417 1196 4470 based
1214 4433 1251 4470 on
1268 4417 1318 4470 the
1337 4416 1417 4469 Laws
1435 4413 1469 4468 of

311 4507 432 4572 Motion,
454 4505 551 4571 Force,
570 4503 630 4568 &c.,
652 4500 707 4555 and
727 4515 759 4553 so
779 4517 816 4554 on
838 4499 1007 4567 throughout
1024 4501 1072 4554 the
1092 4501 1224 4556 sciences.
1261 4499 1355 4553 Bacon
1374 4513 1465 4552 seems
1490 4522 1501 4548 J

309 4591 376 4643 here
392 4594 424 4641 to
440 4587 508 4641 bave
526 4585 676 4640 conceived
694 4584 727 4639 oi
742 4583 857 4638 Natural
874 4584 1042 4656 Philosophy
1053 4600 1082 4639 as
1098 4585 1146 4639 the
1162 4600 1217 4639 one
1231 4584 1343 4652 general
1354 4583 1463 4637 science
