3324 5110
617 446 698 502 ΜΒ·
720 448 747 502 J·
772 457 812 524 93
821 453 911 525 -95·
1274 460 1337 529 293

187 631 232 674 ex
255 610 417 675 erroribus
440 609 599 694 temporis
615 611 785 692 praeteriti
803 621 837 676 et
851 611 978 675 viarum
995 610 1104 677 adhuc
1127 621 1338 682 tentatarum.

187 715 327 797 Optima
350 717 438 780 enim
462 724 512 780 est
536 736 575 780 ea
600 715 818 797 reprehensio,
836 736 936 798 quarn
961 718 1003 780 de
1027 727 1116 781 statu
1141 718 1227 782 civili
1249 719 1340 783 haud

186 821 367 901 prudenter
387 820 617 884 administrato
638 821 802 902 quispiam
821 819 872 883 his
890 822 998 885 verbis
1016 822 1212 904 complexus
1234 832 1284 886 est
1293 822 1339 888 ⁰⁷:

190 923 286 1004 Quod
296 924 344 987 ad
353 924 534 1006 praeterita
546 925 795 1006 pessimiorem,
813 924 851 988 id
863 923 913 987 ad
919 925 1044 1006 futura
1059 927 1215 1007 optimum
1234 925 1343 992 vr'eleri

186 1026 283 1092 debet.
331 1029 376 1093 Si
394 1029 480 1092 enim
504 1030 796 1111 onomatopoeia
815 1028 862 1093 od
881 1029 1017 1112 offcium
1033 1039 1175 1092 vestrum
1193 1039 1341 1112 spectant,

179 1133 436 1214 praestitissetis,
452 1153 550 1215 neque
563 1142 668 1196 tamen
683 1154 733 1197 ees
746 1142 870 1197 vestrae
885 1133 919 1197 in
935 1134 1064 1198 meliore
1078 1135 1140 1197 loeo
1155 1144 1260 1198 essent
1265 1159 1280 1207 ι
1303 1153 1343 1197 ne

187 1246 256 1317 spes
270 1235 398 1318 quidem
414 1237 483 1300 ulla
498 1236 730 1318 reliquasoret,
745 1257 800 1301 eos
816 1239 850 1301 in
866 1237 982 1301 melius
989 1235 1127 1318 provehi
1135 1247 1237 1319 posse.
1274 1236 1346 1302 Sed

186 1359 259 1402 cum
281 1359 391 1403 rerum
415 1349 597 1403 vestrorum
611 1349 726 1415 status,
743 1361 805 1402 non
825 1361 846 1403 a
862 1341 899 1403 vi
913 1340 982 1420 ipsa
996 1359 1115 1418 rerum,
1129 1340 1188 1403 sed
1199 1341 1240 1404 ab
1253 1361 1341 1405 erro·

187 1442 280 1507 ribus
306 1447 424 1508 vestris
448 1443 531 1508 male
555 1465 588 1506 se
612 1443 749 1518 habeat,·
781 1442 977 1524 sperandum
1006 1452 1060 1521 est,
1082 1444 1152 1508 illis
1176 1445 1342 1511 erroribus

188 1548 299 1612 missis
313 1557 374 1612 aut
384 1548 539 1626 correctis,
556 1569 709 1630 magnam
725 1569 835 1611 rerum
857 1549 892 1612 in
911 1548 1026 1613 melius
1041 1551 1249 1613 mutationem
1259 1549 1344 1632 fieri

180 1661 281 1732 posse.
336 1650 444 1716 Simili
473 1655 583 1731 mod0,
607 1654 633 1716 si
660 1652 812 1716 homines
837 1671 897 1734 per
923 1661 1018 1716 tanta
1044 1673 1206 1716 annorum
1233 1657 1341 1737 spatia

187 1754 275 1819 viam
299 1775 411 1820 veram
438 1757 626 1820 inveniendi
657 1766 690 1820 et
720 1757 850 1821 colendi
880 1757 1034 1820 scientias
1063 1757 1256 1835 tenuissent,
1281 1780 1341 1823 nec
1414 1795 1422 1811 ·

188 1868 301 1924 tamen
332 1859 466 1925 ulterius
497 1862 650 1944 progredi
681 1863 886 1943 potuissent3
921 1861 1034 1925 audax
1065 1861 1281 1943 proculdubio
1308 1872 1342 1926 et

188 1965 362 2028 temeraria
382 1965 466 2029 soret
490 1966 611 2048 opini0,
630 1986 728 2048 posse
752 1986 821 2029 rem
842 1966 874 2027 in
895 1963 1031 2029 ulterius
1049 1966 1194 2047 provehi.
1240 1965 1341 2049 Quod

188 2069 216 2132 si
240 2069 273 2131 in
295 2069 348 2132 via
370 2069 440 2151 ipsa
462 2077 604 2132 erratum
626 2070 677 2147 sit,
698 2080 800 2152 atque
820 2069 992 2132 hominum
1017 2090 1118 2151 opera
1143 2069 1175 2133 in
1203 2071 1241 2133 iis
1264 2091 1342 2134 con-

188 2183 332 2255 sumpta,
357 2173 391 2236 in
421 2175 540 2257 quibus
568 2173 703 2237 minime
733 2174 927 2254 oportebat;
961 2175 1110 2256 sequitur
1132 2196 1176 2238 ex
1203 2196 1252 2253 e0,
1275 2195 1342 2238 non

188 2275 223 2340 in
247 2277 343 2340 rebus
366 2277 444 2360 ipsis
467 2276 696 2342 difficultatem
716 2277 798 2354 oriri,
815 2297 901 2360 quae
923 2277 1100 2359 potestatis
1123 2287 1254 2342 nostrae
1274 2299 1342 2342 non

187 2392 275 2461 sunt,
294 2383 352 2447 sed
376 2385 410 2446 in
433 2381 602 2447 intellectu
622 2382 768 2445 humano
794 2381 930 2465 ejusque
957 2404 1016 2446 usu
1043 2392 1077 2446 et
1099 2382 1341 2466 applicatione3

188 2508 273 2570 quae
296 2508 347 2551 res
370 2487 553 2550 remedium
576 2497 610 2551 et
629 2487 828 2550 medicinam
851 2483 996 2568 suscipit.
1043 2487 1162 2569 Itaque
1177 2488 1342 2570 optimum

79 2644 81 2648 .
187 2587 285 2656 fuerit
315 2592 390 2655 illos
416 2593 505 2674 ipsos
532 2611 655 2654 errores
682 2610 865 2673 proponere
881 2583 900 2654 ε’
920 2599 1003 2672 quot
1030 2591 1118 2654 enim
1146 2591 1267 2657 suerint
1293 2614 1343 2657 er·

188 2716 298 2760 rorum
319 2697 557 2779 impedimenta
575 2696 608 2758 in
627 2695 813 2779 praeterite,
831 2702 882 2758 tot
905 2703 982 2757 sunt
1001 2695 1070 2777 spei
1091 2706 1286 2777 argumenta
1307 2696 1341 2761 in

188 2797 343 2864 futurum.
390 2799 442 2863 Ea
461 2821 539 2864 vero
560 2799 637 2863 licet
660 2799 693 2862 in
714 2797 774 2875 his,
792 2818 877 2881 quae
896 2798 1044 2879 superius
1065 2799 1155 2862 dicta
1175 2809 1259 2878 sunt,
1275 2820 1342 2863 non

189 2905 313 2968 intacta
332 2904 469 2968 omnino
492 2903 630 2982 suerint;
655 2913 768 2967 tamen
789 2925 828 2967 ea
848 2903 950 2967 etiarn
966 2923 1053 2967 nunc
1069 2893 1219 2982 breviter,
1234 2905 1343 2968 verbis

190 3009 285 3071 nudis
300 3028 339 3073 ac
354 3008 567 3089 simplicibus
586 3017 830 3091 repraesentare
844 3007 952 3070 visum
969 3015 1029 3070 est.

714 3143 821 3209 XCV.

231 3265 298 3350 Qui
328 3275 551 3331 tractaverunt
581 3266 735 3330 scientias
763 3276 822 3330 aut
852 3265 999 3348 empirici
1034 3275 1092 3330 aut
1122 3266 1302 3350 dogmatici
1316 3265 1341 3306 ⁶⁸

187 3365 328 3434 fuerunt.
388 3369 554 3452 Empirici,
587 3369 742 3434 formicae
780 3391 879 3448 more,
916 3378 1099 3451 congerunt
1132 3379 1274 3450 tantum,
1309 3380 1343 3435 et

187 3483 343 3538 utuntur:
367 3476 551 3553 rationales,
571 3495 764 3538 aranearum
789 3494 889 3550 more,
910 3473 994 3539 telas
1018 3495 1061 3536 ex
1085 3495 1120 3538 se
1142 3475 1342 3539 conficiunt:

187 3580 259 3661 apis
283 3600 360 3642 vero
388 3580 471 3642 ratio
497 3579 606 3642 media
633 3588 692 3656 est,
715 3599 801 3660 quae
826 3581 998 3641 materiam
1027 3599 1070 3640 ex
1096 3577 1230 3641 floribus
1256 3577 1344 3640 horti

187 3692 221 3746 et
239 3685 308 3766 agri
325 3682 433 3762 elicit;
457 3686 514 3748 sed
532 3693 644 3746 tamen
663 3704 737 3746 eam
757 3685 889 3765 propria
910 3681 1070 3744 facultate
1083 3681 1183 3744 vertit
1202 3691 1236 3743 et
1251 3679 1344 3761 dige-

187 3787 237 3851 rit.
283 3788 402 3870 Neque
420 3787 571 3850 absimile
592 3786 821 3868 philosophiae
835 3806 950 3849 verum
971 3785 1140 3866 opificium
1159 3791 1228 3860 est;
1252 3783 1342 3864 quod

187 3912 247 3956 nec
272 3893 393 3957 mentis
419 3893 542 3955 viribus
572 3901 703 3955 tantum
728 3901 786 3954 aut
817 3890 993 3973 praecipue
1019 3889 1143 3964 nititur,
1168 3907 1275 3968 neque
1299 3908 1342 3950 ex

185 3993 323 4060 historia
367 3995 508 4058 naturali
556 4005 591 4059 et
638 3994 838 4057 mechanicis
880 3991 1118 4074 experimentis
1160 3991 1344 4073 praebitam

221 4139 242 4172 ⁶⁷
261 4142 408 4195 Demosth.
421 4143 490 4196 Phil.
503 4141 540 4198 iii.
553 4157 598 4211 pp.
614 4159 672 4206 ιιι,
689 4157 746 4192 112.
784 4139 835 4207 Cp.
849 4138 918 4191 Phil.
933 4138 950 4191 i.
963 4153 989 4206 p.
1003 4155 1046 4203 40.

221 4223 242 4254 ⁰³
261 4227 313 4279 See
326 4225 375 4279 the
387 4225 502 4280 Preiace
515 4233 546 4279 to
559 4227 606 4280 the
620 4223 729 4278 Novum
743 4224 892 4290 Organum,
906 4221 959 4275 and
973 4221 1056 4290 Aphs.
1071 4223 1114 4287 62,
1128 4222 1171 4286 64,
1185 4222 1228 4283 67.

221 4307 291 4362 This
307 4309 330 4362 is
346 4325 400 4362 one
417 4309 449 4362 of
463 4309 510 4362 the
527 4310 588 4363 best
605 4309 713 4374 known,
725 4305 780 4360 and
798 4312 869 4359 most
886 4305 994 4374 happily
1008 4302 1163 4373 expressed,
1176 4301 1207 4356 os
1224 4303 1341 4356 Bacon‘s

185 4392 354 4461 Aphorisms.
391 4389 454 4460 But,
468 4391 540 4446 after
558 4392 606 4445 the
624 4391 812 4460 explanations
827 4388 936 4458 already
949 4387 1036 4455 given,
1055 4388 1076 4439 it
1090 4386 1156 4439 does
1173 4391 1223 4439 not
1241 4401 1342 4455 appear

185 4480 216 4530 to
234 4476 344 4546 require
361 4492 415 4544 any
431 4477 602 4529 annotation.
639 4474 702 4527 The
719 4473 769 4526 last
786 4477 918 4526 sentence
935 4468 1022 4524 shews
1040 4470 1103 4523 how
1116 4468 1157 4522 far
1175 4469 1268 4523 Bacon
1290 4487 1343 4524 was

185 4555 258 4614 from
273 4559 499 4628 recommending
511 4576 528 4613 a
540 4558 644 4628 merely
656 4557 795 4627 empirical
808 4553 975 4626 philosophy.
