3308 5106
325 431 387 510 164
771 433 1025 496 PRAEFATIO.

323 602 432 686 quoad
459 602 578 683 divina,
605 601 805 668 contineant.
855 602 979 667 Sensus
1005 601 1093 665 enim
1120 591 1236 687 (instar
1264 587 1354 684 solis)
1380 595 1471 680 globi

322 708 483 771 terrestris
503 707 621 770 faciem
639 707 754 789 aperit,
769 705 921 770 coelestis
936 705 1061 769 claudit
1081 714 1114 769 et
1129 705 1291 788 obsignat.
1337 703 1472 778 Rursus,

323 831 365 875 ne
383 810 520 892 hujusce
540 810 617 874 mali
638 809 717 892 iuga
736 811 770 874 in
788 810 986 874 contrarium
1006 817 1165 891 peccent;
1187 807 1277 891 quod
1296 797 1386 871 certe
1405 805 1473 880 fiet,

321 913 349 976 si
369 923 507 977 naturae
524 913 770 997 inquisitionem
790 912 858 977 ulla
878 933 922 976 ex
945 921 1039 995 parte
1057 912 1159 975 veluti
1183 911 1359 976 interdicto
1378 928 1473 991 sepa·

323 1025 428 1079 ratam
450 1025 579 1099 putant.
625 1017 745 1100 Neque
763 1017 853 1080 enim
874 1037 956 1099 pura
976 1015 1033 1079 illa
1052 1023 1087 1079 et
1109 1015 1321 1079 immaculata
1336 1011 1473 1078 scientia

322 1119 487 1198 naturalis,
509 1139 689 1203 perquam
709 1119 823 1184 Adam
846 1121 980 1183 nomina
1003 1141 1046 1182 ex
1069 1120 1271 1202 proprietate
1293 1117 1389 1181 rebus
1411 1115 1473 1178 im·

322 1224 441 1304 posuit,
463 1223 660 1306 principium
683 1234 740 1288 aut
766 1223 973 1288 occasionem
997 1223 1104 1304 lapsui
1127 1223 1231 1286 dedit.
1277 1221 1345 1286 Sed
1368 1218 1473 1284 ambi·

322 1327 408 1390 tiosa
431 1326 488 1390 illa
511 1337 546 1392 et
569 1328 763 1410 imperativa
786 1328 943 1392 scientiae
969 1326 1111 1402 moralis,
1136 1327 1179 1390 de
1204 1325 1293 1389 bono
1320 1333 1353 1388 et
1384 1322 1472 1387 malo

323 1428 542 1511 dijudicantis
565 1431 737 1514 cupiditas
761 1432 804 1495 ad
829 1431 893 1495 hoc
916 1439 952 1495 ut
978 1431 1091 1493 Homo
1115 1449 1135 1494 a
1160 1430 1234 1493 Deo
1258 1428 1415 1493 deficeret
1439 1436 1472 1492 et

323 1533 385 1596 sibi
403 1534 463 1616 ipsi
481 1534 571 1616 leges
589 1537 692 1611 daret,
709 1556 748 1599 ea
766 1536 900 1599 demum
922 1535 1005 1598 ratio
1025 1544 1126 1616 atque
1147 1534 1265 1598 modus
1284 1533 1473 1598 tentationis

322 1636 392 1702 fuit.
438 1638 491 1701 De
506 1639 650 1703 scientiis
665 1648 776 1702 autem
792 1659 878 1720 quae
893 1648 1043 1701 naturam
1059 1637 1326 1720 contemplantur
1340 1644 1471 1700 sanctus

323 1739 378 1804 ille
409 1740 625 1823 philosophus
654 1743 854 1824 pronuntiat,
887 1741 1036 1805 Gloriam
1065 1741 1132 1804 Dei
1158 1761 1224 1804 esse
1250 1741 1352 1804 celare
1380 1760 1472 1813 rem:

315 1843 462 1924 gloriam
487 1846 575 1925 regis
599 1854 707 1908 autem
733 1865 803 1908 rem
828 1844 993 1908 invenire:
1025 1865 1092 1908 non
1122 1844 1219 1910 aliter
1243 1864 1282 1908 ac
1308 1844 1335 1907 si
1362 1843 1474 1906 divina

324 1956 439 2009 natura
460 1947 625 2011 innocenti
646 1958 680 2012 et
699 1948 860 2013 benevolo
878 1968 1053 2030 puerorum
1076 1947 1156 2012 ludo
1176 1948 1401 2026 delectaretur,
1417 1947 1473 2028 qui

323 2051 399 2114 ideo
417 2071 453 2114 se
470 2051 678 2115 abscondunt
698 2060 736 2114 ut
756 2053 981 2130 inveniantur3
1004 2061 1107 2133 atque
1127 2052 1273 2114 animam
1294 2051 1473 2114 humanam

324 2154 386 2216 sibi
400 2154 592 2219 collusorem
609 2155 641 2218 in
657 2155 720 2219 hoc
735 2154 813 2218 ludo
835 2175 894 2237 pro
913 2176 972 2218 sua
993 2155 1026 2216 in
1047 2154 1198 2217 homines
1214 2153 1419 2235 indulgentia
1439 2162 1474 2217 et

324 2257 473 2321 bonitate
491 2260 702 2341 cooptaverit.
749 2259 920 2322 Postremo
940 2277 1056 2321 omnes
1077 2259 1110 2320 in
1126 2257 1314 2321 universum
1331 2257 1474 2320 monitos

322 2361 483 2440 volumus,
499 2371 535 2426 ut
551 2363 707 2426 scientiae
720 2383 815 2426 veros
830 2362 913 2426 fines
932 2363 1098 2443 cogitent3
1122 2381 1183 2425 nec
1203 2381 1276 2424 eam
1296 2370 1353 2424 aut
1373 2359 1473 2423 animi

325 2486 423 2530 causa
438 2475 563 2548 petant,
578 2475 636 2529 aut
651 2465 693 2529 ad
715 2465 972 2542 contentionem,
988 2472 1046 2528 aut
1061 2474 1098 2528 ut
1113 2464 1195 2528 alios
1210 2464 1401 2547 despiciant,
1417 2472 1475 2526 aut

323 2570 366 2632 ad
388 2571 610 2648 commodum,
630 2577 689 2632 aut
709 2569 751 2632 ad
775 2568 908 2646 famam,
928 2577 985 2631 aut
1005 2566 1051 2631 ad
1074 2569 1266 2650 potentiam,
1284 2577 1342 2633 aut
1363 2568 1477 2648 hujus-

324 2674 414 2736 modi
438 2671 608 2750 inleriora3
641 2671 699 2736 sed
725 2672 769 2734 ad
797 2671 950 2734 meritum
979 2680 1013 2734 et
1037 2691 1115 2734 usus
1137 2672 1246 2750 vitae3
1277 2691 1416 2753 eamque
1442 2671 1474 2732 in

324 2775 484 2839 charitate
508 2775 679 2858 perficiant
703 2785 737 2839 et
761 2784 885 2857 regant.
935 2774 992 2837 Ex
1018 2775 1168 2857 appetitu
1193 2775 1280 2838 enim
1307 2775 1476 2858 potentiae

324 2879 432 2960 angeli
455 2879 537 2961 lapsi
560 2889 657 2957 sunt3
681 2901 725 2942 ex
745 2878 892 2959 appetitu
912 2878 1075 2954 scientiae,
1097 2877 1269 2956 homines3
1292 2880 1350 2942 sed
1370 2877 1475 2941 chari·

326 2983 404 3045 tatis
431 3003 496 3047 non
522 2991 573 3046 est
603 3003 779 3059 excessus;
811 3001 918 3063 neque
943 2982 1080 3062 angelus
1106 2991 1164 3046 aut
1189 2981 1292 3045 homo
1317 3001 1376 3063 per
1401 2999 1476 3047 earn

327 3106 472 3167 unquam
491 3087 524 3148 in
544 3086 724 3168 periculum
741 3085 841 3150 venit.

371 3189 543 3253 Postulata
571 3198 683 3252 autem
715 3197 827 3252 nostra
856 3209 942 3270 quae
971 3189 1138 3253 afferimus
1170 3189 1252 3254 talia
1279 3195 1365 3253 sunt.
1421 3187 1476 3252 De

326 3293 421 3356 nobis
451 3293 528 3374 ipsis
560 3293 711 3357 silemus:
744 3292 787 3355 de
813 3313 847 3354 re
874 3301 986 3355 autem
1012 3313 1100 3374 quae
1125 3293 1234 3375 agitur
1260 3293 1412 3374 petimus,
1438 3301 1475 3356 ut

326 3396 476 3460 homines
496 3416 569 3459 eam
591 3415 656 3458 non
675 3395 869 3477 opinionem
890 3395 948 3458 sed
971 3415 1055 3476 opus
1075 3417 1147 3459 esse
1168 3395 1335 3478 cogitent;
1358 3415 1397 3459 ac
1417 3415 1476 3477 pro

327 3508 417 3563 certo
433 3499 586 3576 habeant,
604 3519 669 3561 non
685 3508 794 3562 sectae
811 3519 870 3561 nos
885 3498 1022 3579 alicujus
1038 3508 1096 3562 aut
1114 3498 1236 3581 placiti,
1252 3498 1311 3562 sed
1327 3497 1477 3562 utilitatis

327 3612 361 3668 et
376 3603 604 3686 amplitudinis
626 3602 791 3664 humanae
811 3601 1028 3664 fundamenta
1050 3601 1166 3668 moliri.
1211 3602 1343 3666 Deinde
1359 3611 1395 3664 ut
1410 3603 1478 3664 suis

327 3707 510 3771 commodis
537 3706 643 3788 aequi,
669 3706 779 3768 exutis
803 3705 994 3786 opinionum
1028 3706 1107 3768 zelis
1137 3714 1171 3769 et
1200 3705 1417 3787 praejudiciis,
1443 3705 1477 3767 in

327 3831 503 3874 commune
525 3809 716 3886 consulant;
749 3829 788 3872 ac
811 3809 854 3871 ab
877 3810 1039 3872 erroribus
1060 3809 1186 3872 viarum
1212 3819 1313 3891 atque
1340 3810 1479 3891 impedi·

328 3915 456 3992 mentis,
478 3915 597 3978 nostris
620 3914 789 3995 praesidiis
812 3923 845 3976 et
867 3912 1008 3988 auxiliis
1026 3912 1154 3977 liberati
1178 3923 1212 3977 et
1235 3914 1360 3990 muniti,
1384 3913 1478 3976 labo·

329 4038 401 4080 rum
432 4019 488 4100 qui
519 4027 644 4082 restant
671 4025 704 4080 et
730 4017 793 4098 ipsi
820 4017 852 4078 in
880 4026 1008 4098 partem
1034 4018 1180 4081 veniant.
1234 4017 1414 4095 Praeterea,
1439 4026 1480 4081 ut

328 4121 414 4185 bene
443 4130 594 4204 sperent;
626 4141 733 4203 neque
762 4120 1037 4184 Instaurationem
1068 4131 1223 4195 nostram,
1250 4131 1288 4185 ut
1318 4120 1480 4204 quiddam

242 4227 244 4232 ’
329 4225 494 4294 infinitum
528 4235 562 4289 et
595 4225 681 4288 ultra
714 4225 862 4302 mortale,
895 4225 1022 4307 fingant
1056 4235 1090 4289 et
1124 4225 1234 4288 animo
1268 4225 1480 4305 concipiant;

330 4349 432 4411 quum
467 4349 578 4393 revera
615 4329 658 4392 sit
692 4327 810 4391 infiniti
849 4329 964 4391 erroris
997 4327 1071 4392 finis
1108 4338 1142 4393 et
1179 4328 1336 4391 terminus
1370 4327 1480 4408 legiti-

332 4453 424 4509 mus;
456 4433 666 4495 mortalitatis
689 4441 801 4495 autem
827 4441 860 4496 et
882 4431 1099 4495 humanitatis
1126 4452 1192 4494 non
1219 4431 1262 4495 sit
1285 4431 1486 4510 immemor;

332 4555 432 4616 quum
455 4555 522 4598 rem
544 4555 609 4598 non
631 4536 717 4600 intra
738 4536 833 4598 unius
855 4535 971 4600 aetatis
994 4535 1190 4600 curriculum
1209 4535 1348 4600 omnino
1365 4533 1483 4617 perfici
