3324 5110
623 441 704 497 ΗΒ.
727 441 752 500 Ι.
778 432 916 519 83—84.
1283 449 1347 518 275

193 599 380 665 consectum
396 599 447 677 sit,
463 620 537 664 curn
555 601 643 665 avia
663 603 798 668 omnino
817 601 1060 681 aberraverint3
1084 601 1197 667 relicta
1217 622 1348 685 prorsus

196 715 230 768 et
256 705 388 768 deserta
415 705 630 786 experientia,
653 718 710 771 aut
732 707 766 771 in
795 708 868 791 ipsa
889 706 1062 792 (tanquam
1088 707 1121 769 in
1143 703 1348 790 labyrintho)

195 829 232 872 se
248 809 439 887 intricando,
455 817 490 872 et
505 810 786 876 circumcursando
801 833 809 892 ;
832 833 907 876 cum
924 813 985 875 rite
1002 811 1169 875 institutus
1192 811 1274 874 ordo
1289 829 1349 892 per

195 913 422 994 experientiae
444 913 592 995 sylvas³⁰
606 916 649 978 ad
668 925 784 998 aperta
802 917 1010 980 axiomatum
1030 916 1163 979 tramite
1184 913 1348 980 constanti

195 1017 305 1080 ducat.

672 1105 874 1172 LXXXIII.

243 1220 403 1286 Excrevit
418 1231 529 1287 autem
546 1223 664 1288 mirum
681 1226 713 1288 in
730 1227 866 1290 modurn
883 1225 971 1291 istud
988 1225 1112 1290 malum
1131 1245 1175 1289 ex
1194 1223 1350 1306 opinione

197 1327 352 1408 quadarn,
367 1327 435 1391 sive
455 1328 683 1394 aestimatione
701 1329 890 1406 inveterata,
911 1350 1024 1394 verum
1048 1329 1176 1393 tumida
1199 1338 1232 1392 et
1255 1329 1350 1392 darn·

198 1449 298 1508 nosa;
328 1431 431 1494 minui
454 1453 574 1515 nempe
597 1435 717 1497 mentis
739 1433 904 1497 humanae
929 1433 1148 1515 majestatem,
1170 1433 1197 1496 si
1220 1433 1349 1514 experi-

197 1534 327 1612 mentis,
345 1544 379 1598 et
401 1535 497 1600 rebus
519 1537 768 1620 particularibus
790 1537 899 1600 sensui
921 1537 1077 1619 subjectis
1099 1547 1133 1600 et
1155 1537 1189 1598 in
1213 1535 1351 1599 materia

197 1637 433 1718 determinatis,
471 1641 527 1704 diu
565 1659 604 1705 ac
641 1640 781 1704 multum
816 1649 981 1704 versetur:
1019 1640 1210 1722 praesertim
1247 1657 1349 1721 quum

197 1740 386 1824 hujusmodi
415 1764 466 1808 res
495 1745 537 1808 ad
568 1745 797 1827 inquirendum
826 1744 1018 1821 laboriosae,
1048 1743 1091 1807 ad
1123 1743 1350 1806 meditandum

198 1845 367 1928 ignobiles,
401 1849 444 1912 ad
481 1849 657 1912 dicendum
695 1869 838 1931 asperae,
872 1848 915 1911 ad
952 1847 1132 1930 practicam
1170 1845 1351 1923 illiberales,

198 1971 335 2016 numero
358 1952 512 2030 infinitae,
529 1960 563 2016 et
585 1951 768 2017 subtilitate
789 1961 904 2016 tenues
927 1972 998 2015 esse
1020 1947 1187 2015 soleant³¹.
1233 1950 1351 2032 Itaque

195 2053 266 2135 jam
289 2058 425 2121 tandem
447 2055 510 2120 huc
533 2077 585 2120 res
608 2057 712 2133 rediit,
735 2065 771 2118 ut
792 2056 846 2119 via
867 2075 945 2119 vera
968 2076 1034 2118 non
1057 2063 1186 2119 tantum
1213 2054 1351 2130 deserta,

198 2160 258 2223 sed
284 2161 385 2226 etiarn
412 2160 586 2226 interclusa
612 2168 645 2224 et
668 2160 837 2223 obstructa
861 2159 924 2239 sit;
958 2158 1106 2223 fastidita
1137 2156 1349 2241 experientia,

199 2265 322 2328 nedum
339 2266 460 2346 relicta,
476 2274 534 2329 aut
550 2263 636 2328 male
651 2263 889 2328 administrata

676 2415 874 2480 LXXXIV.

245 2529 370 2594 Rursus
395 2550 473 2594 vero
497 2527 648 2594 homines
673 2549 693 2591 a
722 2547 895 2610 progressu
922 2525 954 2590 in
980 2525 1124 2591 scientiis
1150 2523 1292 2591 detinuit
1318 2532 1352 2588 et

199 2635 268 2698 sere
302 2635 481 2700 incantavit
514 2632 694 2698 reverentia
723 2630 939 2715 antiquitatis,
972 2641 1006 2694 et
1038 2631 1191 2709 virorum,
1225 2629 1280 2711 qui
1318 2628 1352 2692 in

236 2803 259 2836 ³⁰
277 2804 369 2860 Bacon
383 2822 450 2872 gave
461 2804 510 2859 the
527 2804 588 2858 title
605 2802 638 2856 of
653 2802 750 2872 ‘Sylva
762 2801 921 2870 Sylvamm'
939 2807 970 2856 to
987 2799 1030 2854 his
1048 2799 1129 2856 ‘Ten
1143 2801 1304 2856 Centuries'
1323 2797 1356 2852 of

202 2887 335 2942 ‘Natural
348 2888 482 2958 History!

239 2972 295 3026 Mr.
314 2971 429 3025 Kitchiu
448 2977 554 3041 quotes,
572 2985 602 3024 as
621 2967 785 3034 illustrating
805 2966 860 3020 this
878 2969 1031 3038 metaphor,
1048 2987 1082 3024 an
1101 2969 1225 3039 apposite
1242 2979 1352 3036 passage

202 3055 274 3109 from
293 3071 348 3110 one
366 3054 399 3108 of
414 3054 530 3108 Bacon's
546 3054 723 3121 Fragments:
743 3051 817 3104 ‘We
835 3051 992 3108 endeavour
1009 3059 1040 3108 to
1058 3058 1202 3123 penetrate
1221 3050 1275 3105 and
1293 3065 1354 3119 pam

201 3137 321 3205 through
334 3137 383 3192 the
395 3137 489 3192 woods
507 3137 539 3190 of
555 3137 669 3203 Nature,
680 3135 758 3189 thick
776 3141 819 3188 set
835 3136 888 3190 and
901 3136 1040 3190 darhened
1053 3137 1118 3190 with
1131 3153 1148 3191 a
1159 3141 1237 3203 great
1249 3135 1352 3202 variety

201 3220 234 3275 of
250 3223 442 3289 experiments,
459 3237 488 3274 as
504 3221 571 3274 with
589 3221 692 3286 leaves3
711 3219 766 3273 and
784 3220 929 3286 entangled
948 3220 1002 3274 and
1022 3221 1126 3274 twined
1144 3220 1282 3288 together,
1298 3217 1354 3270 lilre

202 3303 301 3358 shrubs
325 3304 379 3358 and
403 3303 512 3369 bushes,
531 3301 598 3355 with
621 3303 670 3356 the
694 3302 808 3371 subtilty
827 3301 860 3356 oi
880 3303 1076 3358 observatIons.
1129 3303 1184 3356 We
1209 3317 1256 3356 are
1280 3317 1353 3368 now,

202 3387 327 3456 perhaps,
347 3386 513 3454 proceeding
529 3391 560 3439 to
577 3384 626 3440 the
644 3401 721 3438 more
739 3400 812 3453 open
831 3391 905 3453 parts
921 3385 953 3439 of
969 3384 1082 3454 Nature,
1098 3386 1197 3454 which,
1216 3387 1353 3450 however,

202 3485 250 3524 are
262 3470 316 3523 still
329 3485 407 3524 more
419 3469 549 3535 difficult3
568 3469 630 3536 arrd,
640 3469 738 3536 having
750 3474 798 3536 got
809 3467 929 3536 through
941 3468 989 3523 the
1001 3469 1103 3536 woods,
1112 3485 1160 3523 are
1172 3485 1253 3523 come
1264 3473 1296 3521 to
1305 3467 1354 3521 the

202 3553 311 3606 bottom
324 3551 357 3605 oi
366 3553 414 3606 the
426 3553 600 3606 mountaIns.'

238 3633 260 3666 ⁸¹
279 3637 312 3689 In
330 3635 379 3689 the
392 3637 521 3702 Cogitata
538 3643 567 3689 et
580 3635 644 3688 Visa
664 3633 708 3702 (E.
728 3635 782 3688 and
801 3637 837 3702 S,
856 3635 909 3689 vol.
922 3635 959 3688 iii.
970 3651 1015 3704 pp.
1029 3635 1128 3704 ooo-r)
1146 3634 1240 3688 Bacon
1258 3630 1353 3686 makes

201 3719 251 3773 the
270 3734 345 3772 same
366 3718 531 3783 reflections‚
551 3717 604 3772 and
624 3717 690 3771 then
710 3717 793 3772 adds:
812 3719 919 3787 ‘Qram
939 3720 1096 3786 opinIonem
1117 3717 1174 3770 sive
1196 3714 1278 3772 animi
1298 3714 1353 3766 dis·

203 3803 375 3872 positionem,
386 3803 457 3855 vices
466 3803 597 3855 maximas
606 3803 749 3869 sumpsisse
759 3817 793 3854 ex
804 3801 848 3855 illa
858 3803 943 3854 altera
952 3802 1080 3869 opinione
1093 3801 1163 3854 elata
1173 3805 1202 3853 et
1212 3811 1353 3852 commen·

203 3886 272 3952 titia,
285 3901 340 3954 qua
352 3886 452 3939 veritas
464 3886 598 3938 humanae
611 3886 712 3938 mentis
724 3884 806 3937 veluti
826 3884 960 3950 Indigena,
973 3899 1024 3936 nec
1037 3883 1145 3936 aliunde
1156 3881 1354 3948 commigrans3

203 3975 233 4022 et
244 3985 340 4022 sensus
354 3968 524 4022 Intellectum
542 3969 628 4034 magis
646 3967 767 4021 excitare
780 3982 862 4035 quarn
877 3966 1026 4019 informare
1038 3966 1217 4019 asser-ebatur.
1254 3963 1353 4032 Neque

202 4057 296 4106 tamen
312 4067 437 4106 errorem
455 4051 537 4119 hunc,
549 4058 578 4104 et
593 4050 693 4103 mentis
706 4047 739 4118 (si
752 4065 847 4102 verum
865 4064 965 4102 nomen
979 4045 1138 4118 quaeratur)
1152 4047 1354 4112 alienationem,

203 4135 239 4189 ab
260 4135 292 4188 iis
312 4135 367 4188 ulla
384 4150 419 4188 ex
437 4141 516 4203 parte
537 4139 701 4200 correctam,
721 4133 768 4202 qui
789 4133 880 4185 sensui
900 4132 1014 4198 debitas,
1034 4133 1063 4185 ld
1081 4138 1124 4186 est
1144 4132 1245 4200 prImas
1263 4135 1355 4198 partes

201 4218 370 4272 tribuerunt.
415 4219 490 4290 Qin
509 4225 539 4272 et
557 4218 607 4272 hos
625 4233 735 4288 quoque
754 4216 880 4284 exemplo
904 4221 933 4269 et
956 4215 1031 4270 facto
1054 4231 1113 4281 suo,
1131 4213 1226 4268 relicta
1244 4229 1354 4282 prorsus

203 4300 329 4356 Naturali
347 4301 459 4356 historia
477 4307 507 4357 et
524 4302 663 4356 mundana
680 4299 922 4370 perambulatione,
935 4299 1028 4352 omnia
1045 4299 1072 4352 in
1088 4297 1192 4365 Ingenii
1206 4297 1354 4364 agitatione

204 4385 335 4453 posuisse,
355 4391 385 4438 et
406 4385 479 4439 Inter
497 4385 656 4454 opacissIma
675 4384 776 4438 mentis
799 4383 883 4449 Idola,
900 4381 950 4435 sub
971 4382 1094 4451 specIoso
1115 4381 1355 4449 contemplationis

204 4467 326 4534 nomine,
348 4474 482 4536 perpetuo
502 4469 656 4522 volutasse!
699 4467 763 4521 The
787 4466 899 4521 student
920 4466 974 4519 will
998 4472 1047 4520 not
1071 4465 1118 4520 fail
1141 4471 1173 4518 to
1192 4465 1284 4520 notiee
1305 4467 1355 4523 the

204 4551 405 4620 psycholop'cal
418 4551 532 4606 interest
544 4551 685 4620 attaching
696 4555 727 4604 to
739 4549 787 4604 the
800 4550 873 4620 early
885 4555 947 4620 part
959 4547 992 4604 of
1001 4549 1056 4604 uris
1068 4549 1221 4620 quotation.

748 4649 815 4702 Ἠ
