3324 5110
696 442 778 506 trs.
800 447 846 505 rr.
872 456 922 506 12.
1321 437 1383 525 361

231 609 323 695 quod
350 609 387 676 fit
412 631 488 676 cum
515 609 564 676 sol
588 608 694 695 magis
715 609 822 694 vergit
844 612 889 676 ad
911 610 1191 696 perpendiculum,
1215 610 1292 695 quia
1314 620 1386 676 tum

232 717 411 783 incidentia
426 716 592 781 radiorum
608 715 686 780 facit
700 716 840 799 angulos
855 718 1024 796 acutiores,
1042 727 1078 782 ut
1094 717 1200 780 lineae
1220 718 1386 781 radiorum

232 821 299 886 sint
320 821 426 904 magis
447 821 480 884 in
501 820 707 904 propinquo:
731 821 787 884 ubi
808 831 922 886 contra
941 823 973 885 in
990 821 1119 904 magnis
1134 820 1386 904 obliquitatibus
1458 816 1462 822 ’

232 926 311 989 solis
340 925 454 1007 anguli
481 926 548 989 sint
576 924 674 989 valde
704 926 825 1006 obtusi,
856 935 890 990 et
919 925 1058 1010 proinde
1088 926 1195 990 lineae
1220 925 1386 989 radiorum

233 1030 339 1112 magis
369 1029 540 1094 distantes.
600 1028 668 1094 Sed
698 1029 830 1094 interim
861 1030 1044 1095 notandum
1075 1038 1134 1108 est,
1164 1028 1284 1092 multas
1315 1048 1387 1092 esse

231 1152 330 1214 posse
345 1132 553 1215 operationes
569 1132 735 1230 radiorum
751 1131 837 1212 soliS,
853 1143 955 1215 atque
970 1133 1070 1197 etiam
1087 1154 1132 1197 ex
1147 1141 1265 1197 natura
1280 1131 1386 1211 calidi,

232 1255 318 1318 quae
341 1256 406 1299 non
429 1244 505 1300 sunt
527 1237 798 1319 proportionatae
821 1236 865 1301 ad
889 1245 1016 1301 tactum
1040 1247 1208 1301 nostrum:
1242 1237 1326 1301 adeo
1349 1243 1388 1300 ut

231 1349 382 1422 respectu
408 1340 510 1404 nostri
535 1360 602 1404 non
628 1351 806 1422 operentur
835 1361 939 1425 usque
968 1341 1011 1405 ad
1041 1341 1300 1420 calefactionem,
1326 1339 1385 1404 sed

230 1451 381 1525 respectu
412 1442 551 1508 aliorum
583 1443 815 1508 nonnullorum
847 1465 1019 1528 corporum
1050 1454 1260 1528 exequantur
1285 1465 1386 1527 opera

232 1546 339 1611 calidi.

255 1664 375 1716 naono.
448 1649 524 1714 Fiat
539 1647 729 1734 hujusmodi
746 1653 1022 1736 experimentum.
1063 1652 1258 1736 Accipiatur
1272 1671 1387 1736 specu-

229 1749 332 1815 lum⁸⁰
352 1752 547 1818 fabricatum
570 1765 685 1821 contra
707 1777 746 1821 ac
769 1757 807 1822 fit
829 1758 862 1820 in
885 1759 1027 1840 speculis
1048 1758 1329 1832 comburentibus,
1351 1764 1385 1820 et

231 1853 457 1938 interponatur
479 1859 564 1922 inter
586 1880 721 1925 manum
745 1869 779 1925 et
801 1863 910 1926 radios
932 1862 1031 1942 solis3
1055 1872 1089 1926 et
1110 1861 1169 1926 fiat
1189 1860 1386 1936 observatio,

231 1967 340 2022 utrum
364 1961 491 2025 minuat
514 1963 655 2027 calorem
683 1965 772 2040 solis,
797 1966 1079 2047 quemadmodum
1103 1963 1272 2047 speculum
1297 1984 1387 2027 com-

230 2059 351 2126 burens
382 2066 523 2129 eundem
554 2074 655 2149 auget
685 2077 719 2133 et
748 2068 901 2133 intendit.
961 2069 1176 2133 Manifestum
1206 2077 1256 2132 est
1287 2067 1384 2143 enim,

232 2166 342 2247 quoad
364 2169 472 2233 radios
494 2169 632 2252 optic0s‚
653 2180 751 2254 prout
774 2173 953 2237 fabricatur
973 2173 1144 2255 speculum
1166 2173 1198 2236 in
1221 2171 1385 2252 densitate

231 2267 396 2353 inaequali
417 2283 566 2356 respectu
588 2275 688 2338 medii
710 2285 744 2340 et
766 2276 916 2355 laterum,
938 2276 984 2342 ita
1006 2298 1165 2360 apparere
1188 2274 1385 2340 simulachra

230 2376 337 2456 magis
363 2377 482 2441 diffusa
507 2387 565 2442 aut
588 2379 693 2462 magis
715 2388 894 2445 contracta.
943 2381 1061 2463 Itaque
1086 2381 1175 2444 idem
1201 2379 1383 2444 videndum

231 2476 263 2540 in
286 2477 404 2544 calore.

255 2597 375 2650 Adnue-
451 2585 526 2651 Fiat
547 2586 812 2669 experimentum
836 2587 1018 2671 diligenter,
1041 2597 1149 2653 utrum
1172 2608 1232 2670 per
1251 2585 1384 2670 specula

231 2687 458 2753 comburentis
473 2690 651 2755 fortissima
670 2700 703 2757 et
721 2693 849 2774 optime
867 2692 1027 2760 fabricata
1046 2693 1128 2756 radii
1144 2693 1241 2756 lunae
1256 2690 1384 2774 possint

231 2790 340 2873 excipi
357 2801 390 2856 et
406 2792 514 2877 colligi
530 2795 562 2859 in
578 2795 722 2878 aliquem
739 2796 791 2860 vel
808 2796 981 2860 minimum
996 2798 1137 2880 gradum
1153 2793 1315 2878 teporis⁸¹.
1350 2795 1383 2858 Is

229 2913 307 2957 vero
329 2897 451 2976 gradus
468 2899 592 2981 teporis
609 2900 636 2963 si
655 2899 794 2964 fortasse
812 2901 909 2964 nimis
930 2902 1060 2965 subtilis
1082 2910 1116 2965 et
1136 2901 1252 2965 debilis
1275 2898 1382 2974 fuerit,

230 3004 267 3059 ut
282 2997 325 3061 ad
341 3007 467 3064 tactum
486 3003 608 3086 percipi
632 3012 665 3066 et
686 3003 888 3085 deprehendi
910 3025 976 3069 non
997 3004 1109 3087 possit,
1127 3003 1383 3087 confugiendum

230 3100 292 3165 crit
309 3102 352 3167 ad
368 3104 453 3169 vitra
470 3105 557 3170 i11a⁸²
574 3127 660 3189 quae
678 3106 823 3172 indicant
846 3108 1118 3172 constitutionem
1140 3108 1224 3172 ae'ris
1242 3107 1383 3172 calidam

229 3212 288 3268 aut
314 3203 487 3289 frigidam3
523 3209 631 3274 itaut
658 3210 740 3274 radii
770 3210 867 3274 lunae
893 3229 953 3293 per
982 3211 1155 3293 speculum
1188 3211 1384 3276 comburens

264 3379 286 3410 ⁸⁰
305 3382 380 3436 Used
394 3383 460 3438 here
473 3383 517 3439 for
530 3403 546 3440 a
558 3387 625 3442 lene.

263 3461 284 3494 ⁸¹
304 3466 361 3519 For
372 3483 388 3520 a
400 3467 464 3535 long
475 3470 551 3538 time,
563 3471 611 3526 the
624 3472 808 3540 experiments
822 3471 910 3526 which
923 3489 996 3527 were
1009 3473 1117 3542 applied
1129 3480 1159 3528 to
1172 3473 1266 3526 detect
1278 3471 1343 3526 heat
1356 3469 1383 3523 in

228 3547 276 3602 the
300 3549 378 3602 lunar
402 3557 472 3620 rays‘
487 3569 560 3606 were
585 3554 780 3610 unsuccessful.
826 3555 883 3610 For
907 3557 955 3610 the
979 3557 1129 3612 successful
1157 3557 1329 3626 experiment
1354 3552 1386 3607 of

229 3630 354 3700 Melloui,
366 3651 413 3688 see
427 3635 554 3705 Tyndall,
567 3653 596 3691 as
608 3638 733 3692 referred
744 3645 775 3692 to
789 3638 884 3708 above,
898 3646 964 3694 note
976 3656 1021 3706 71.

263 3713 285 3746 ⁸²
304 3716 368 3770 The
389 3719 531 3775 invention
555 3721 588 3775 of
609 3721 656 3776 the
679 3722 905 3790 Thermometer,
928 3725 1017 3777 which
1038 3741 1093 3778 was
1115 3725 1258 3792 originally
1278 3737 1313 3775 an
1335 3721 1384 3775 Air

229 3797 453 3872 Thermometer,
473 3805 502 3871 is,
522 3805 669 3872 according
686 3811 717 3858 to
736 3805 865 3860 different
884 3813 1024 3874 accounts,
1043 3807 1168 3861 ascribed
1186 3811 1216 3860 to
1230 3806 1335 3858 Galileo
1354 3805 1382 3858 in

231 3897 307 3949 1597,
321 3884 445 3940 Drebbel
463 3886 496 3941 of
505 3888 636 3942 Alkmaer
654 3888 682 3940 in
698 3891 774 3954 1609,
788 3888 874 3943 Paolo
893 3890 969 3957 Sarpi
989 3891 1017 3942 in
1033 3894 1109 3956 1609,
1122 3889 1176 3943 and
1194 3889 1337 3943 Sanctorio
1355 3887 1383 3940 in

230 3969 307 4020 1610.
350 3967 391 4024 M.
405 3969 524 4024 Bouillet
544 3971 622 4041 (note
641 3988 677 4025 on
696 3971 768 4024 Nov.
782 3973 848 4039 Org.
868 3973 894 4026 ii.
911 3989 941 4036 13
958 3972 1034 4042 (38))
1055 3973 1109 4026 and
1130 3972 1172 4024 M.
1186 3972 1220 4025 de
1240 3971 1384 4024 Vauzelles

229 4049 375 4122 (Histoire,
389 4053 439 4108 dec.
452 4054 487 4107 de
500 4055 602 4122 Bacon,
615 4054 667 4108 vol.
681 4055 698 4108 i.
712 4069 757 4123 pp.
772 4053 871 4122 30-31)
886 4055 991 4108 ascribe
1010 4055 1039 4122 it,
1053 4055 1157 4122 though
1170 4072 1206 4109 ou
1220 4053 1384 4108 insufficient

226 4135 356 4203 grounds,
370 4141 401 4189 to
415 4137 507 4190 Bacon
521 4137 638 4193 himself.
675 4137 739 4191 The
753 4137 836 4191 merit
852 4137 884 4189 of
897 4137 946 4190 the
963 4138 1103 4192 invention
1116 4139 1249 4207 probably
1262 4137 1383 4205 belongs,

226 4215 255 4268 in
279 4218 328 4272 the
353 4219 414 4273 first
438 4221 570 4287 instance,
595 4228 626 4275 to
651 4221 766 4276 Galifeo.
813 4223 865 4274 See
888 4221 937 4276 the
962 4222 1124 4275 authorities
1149 4221 1273 4274 referred
1298 4225 1329 4274 to
1354 4221 1382 4275 in

228 4299 285 4354 Mr.
301 4302 372 4356 Ellis’
386 4310 453 4358 note
472 4320 508 4359 on
529 4304 555 4358 ii.
572 4322 601 4371 ¹3
618 4305 686 4377 (38),
704 4305 759 4359 and
777 4305 923 4375 especially
941 4305 989 4359 the
1007 4311 1165 4371 arguments
1183 4303 1328 4373 employed
1346 4303 1383 4375 by

226 4383 314 4453 Libri,
333 4387 457 4441 Histoire
476 4387 525 4442 des
544 4389 672 4444 Sciences
690 4389 926 4459 Mathematiques
944 4405 980 4444 en
1000 4388 1088 4457 italie,
1106 4395 1182 4442 tome
1200 4388 1235 4443 ir.
1253 4403 1298 4456 pp.
1315 4393 1384 4452 187-

228 4483 287 4532 197.

264 4551 297 4606 ln
310 4551 393 4621 Aphs.
406 4569 436 4621 13
451 4553 505 4610 and
519 4573 561 4626 24,
575 4554 667 4612 Bacou
681 4556 745 4612 calls
758 4556 812 4613 this
824 4555 991 4632 instrument
1005 4557 1114 4612 Vitrum
1128 4553 1288 4612 Calendare.
