3368 5098
616 470 626 485 ·
713 449 794 505 ΜΒ.
817 449 842 507 l.
868 455 918 522 77.
1326 439 1389 524 265

237 609 423 694 sequacitas
448 610 491 676 sit
515 609 625 693 potius
652 619 686 675 et
710 611 818 689 coitio,
845 632 946 694 quam
976 609 1184 676 consensus⁸.
1231 609 1331 693 Quod
1361 609 1388 674 si

237 717 353 780 fuisset
375 716 431 780 ille
453 737 549 779 verus
575 736 752 780 consensus
776 725 810 786 et
832 715 898 780 late
921 725 1047 798 patens,
1072 725 1202 780 tanturn
1230 717 1325 779 abest
1351 723 1388 777 ut

237 840 416 885 consensus
446 839 506 902 pro
535 839 613 883 vera
640 831 673 884 et
704 819 808 884 solida
838 821 1038 884 authoritate
1061 821 1174 884 haberi
1199 820 1327 896 debeat,
1352 827 1389 880 ut

237 925 338 987 etiam
375 925 554 988 violentam
587 927 890 1007 praesumptionem
926 926 1061 989 inducat
1090 926 1123 988 in
1154 923 1388 988 contrarium‘.

237 1027 421 1092 Pessimum
455 1030 542 1093 enirn
572 1030 720 1092 omnium
750 1038 800 1094 est
829 1029 1011 1113 augurium,
1041 1031 1130 1112 quod
1160 1049 1204 1092 ex
1228 1047 1387 1092 consensu

236 1133 365 1214 capitur
380 1134 412 1196 in
434 1134 531 1196 rebus
551 1133 847 1198 intellectualibus:
872 1136 1022 1217 exceptis
1043 1135 1160 1198 divinis
1180 1142 1213 1197 et
1236 1131 1387 1213 politicis,

235 1235 268 1298 in
292 1238 411 1318 quibus
434 1237 661 1320 suffragiorum
682 1237 735 1320 jus
759 1237 853 1304 est¹⁰.
898 1239 990 1302 Nihil
1015 1239 1103 1302 enim
1130 1237 1242 1300 multis
1269 1235 1387 1317 placet,

236 1341 297 1404 nisi
315 1342 583 1424 imaginationem
600 1343 704 1422 feriat,
719 1353 777 1406 aut
793 1342 997 1407 intellectum
1011 1342 1196 1424 vulgarium
1212 1342 1384 1404 notionum

236 1445 331 1508 nodis
346 1447 513 1529 astringat,
529 1457 566 1510 ut
589 1467 688 1530 supra
708 1448 834 1511 dictum
853 1445 948 1511 est11.
994 1445 1113 1528 Itaque
1131 1447 1256 1526 optime
1274 1445 1386 1508 tradu-

236 1550 320 1612 citur
335 1550 413 1613 illud
432 1549 637 1615 Phocionis¹²
653 1573 673 1614 a
694 1553 838 1616 moribus
858 1551 900 1631 ad
922 1549 1177 1614 intellectualia:
1207 1548 1253 1612 Ut
1272 1548 1386 1612 statim

236 1673 269 1715 se
284 1653 472 1717 examinare
491 1654 626 1718 debeant
640 1655 791 1730 homines,
808 1656 891 1738 qnid
902 1655 1089 1718 erraverint
1104 1663 1164 1716 ant
1176 1653 1385 1736 peccaverint,

235 1757 268 1819 si
281 1758 453 1821 multitudo
474 1760 652 1824 consentiat
670 1769 703 1822 et
721 1759 931 1842 complaudat.
978 1760 1054 1823 Hoc
1070 1759 1199 1841 signum
1220 1758 1320 1840 igitur
1341 1777 1385 1819 ex

236 1862 448 1926 aversissimis
479 1873 539 1927 est.
586 1864 703 1946 Itaque
734 1866 823 1947 quod
854 1864 948 1948 signa
983 1864 1130 1927 veritatis
1167 1872 1201 1926 et
1236 1862 1386 1925 sanitatis

271 2055 281 2087 ⁸
301 2056 395 2111 There
413 2059 435 2110 is
453 2075 469 2111 a
487 2065 563 2128 story
575 2058 608 2113 of
622 2058 669 2112 the
687 2059 743 2112 late
759 2058 861 2128 Bishop
875 2059 1016 2113 Thirlwall
1033 2059 1104 2126 that,
1122 2076 1159 2113 on
1177 2075 1230 2113 one
1249 2059 1384 2124 occasion,

234 2141 438 2210 distinguishing
461 2142 589 2196 between
613 2143 661 2197 the
685 2142 738 2196 few
762 2150 922 2212 competent
946 2143 999 2197 and
1023 2144 1072 2198 the
1096 2160 1178 2214 many
1198 2144 1386 2212 incompetent

234 2225 394 2292 signatories
406 2224 439 2279 oi
447 2243 463 2279 a
476 2227 626 2294 memorial,
639 2227 674 2282 he
684 2227 827 2281 described
839 2227 887 2282 the
899 2228 982 2282 latter
994 2244 1023 2281 as
1035 2245 1066 2281 so
1078 2244 1160 2298 many
1167 2227 1273 2297 ciphers
1286 2227 1357 2281 after
1370 2242 1386 2279 a

234 2308 350 2362 decimal
363 2311 448 2378 point.

271 2394 315 2445 On
328 2393 381 2446 this
394 2393 560 2463 ‘sequacitas
577 2401 606 2448 et
624 2393 725 2449 coitio'
738 2393 766 2447 in
782 2395 830 2448 the
843 2411 904 2448 case
921 2391 953 2448 of
967 2395 1107 2460 Aristode,
1120 2411 1163 2464 cp.
1176 2393 1224 2448 the
1237 2393 1385 2461 beginning

234 2474 267 2529 of
277 2477 474 2546 Campanella's
486 2479 597 2532 treatise
612 2477 803 2547 ‘Philosophia
815 2479 935 2532 sensibus
948 2478 1153 2546 demonstrata,'
1165 2479 1215 2532 &c
1228 2477 1386 2548 (published

235 2567 263 2614 at
289 2559 389 2629 Naples
410 2562 438 2614 in
464 2559 552 2630 1591),
572 2563 664 2615 where
689 2578 731 2615 we
756 2561 812 2614 find
836 2562 891 2615 him
916 2561 1114 2631 complaining:
1146 2562 1199 2613 ‘Et
1224 2562 1246 2614 si
1274 2559 1384 2629 quando

234 2646 423 2713 quaestionem
442 2653 565 2699 sensatae
584 2648 623 2700 rei
642 2651 772 2713 tractant,
791 2662 846 2699 non
864 2646 938 2713 quod
957 2647 984 2699 in
1004 2662 1035 2699 re
1052 2653 1095 2700 est
1113 2645 1222 2712 vident3
1244 2644 1293 2698 sed
1309 2645 1385 2713 quod

234 2730 263 2781 in
282 2729 371 2782 verbis
389 2730 544 2783 Aristotelis
562 2730 693 2798 scripturn
713 2731 862 2794 inveniunt,
881 2736 910 2784 et
928 2746 963 2783 ex
981 2729 1020 2783 eis
1038 2735 1163 2797 arguunt,
1181 2735 1210 2782 et
1229 2745 1263 2782 ex
1282 2729 1321 2781 eis
1339 2743 1383 2781 re-

234 2811 379 2880 spondent,
401 2817 430 2865 et
451 2813 474 2865 si
495 2813 551 2881 ipsa
569 2814 609 2866 rei
630 2819 728 2866 natura
748 2812 869 2866 sensibus
889 2815 1055 2866 contrariam
1073 2813 1213 2866 Aristoteli
1234 2827 1264 2864 se
1284 2811 1383 2865 offerat

234 2895 389 2948 nolentibus
409 2901 440 2949 et
459 2896 557 2964 invitis,
579 2897 675 2950 dicunt
697 2897 874 2950 Aristotelem
899 2912 954 2950 non
976 2897 1098 2951 errasse?
1135 2895 1227 2948 ‘Hinc
1248 2895 1385 2962 fugientes

233 2993 326 3032 rerum
345 2980 479 3046 scientias,
496 2985 644 3033 conterunt
660 2981 732 3034 inter
748 2997 777 3033 se
795 2987 903 3048 tempus
919 2981 954 3034 de
971 2980 1101 3049 subjectis
1116 2979 1292 3033 scientiarum
1311 2978 1383 3048 apud

233 3062 411 3116 Aristotelem
431 3102 438 3118 .
458 3102 465 3117 .
485 3102 492 3118 .
510 3102 518 3117 .
539 3063 581 3116 lta
596 3064 671 3133 quod
689 3079 829 3133 nunquam
848 3062 1033 3133 (Mehercule)
1053 3063 1106 3116 vidi
1124 3080 1211 3117 unum
1230 3079 1264 3116 ex
1283 3064 1322 3116 eis
1341 3079 1384 3115 res

234 3146 378 3215 inspicere,
397 3147 431 3200 ad
449 3163 561 3216 campos
579 3147 703 3215 tendere,
721 3147 814 3213 maria,
833 3155 862 3202 et
881 3154 999 3212 montes,
1018 3155 1111 3200 utres
1130 3153 1264 3216 spectent,
1282 3163 1334 3201 nec
1356 3147 1383 3200 in

232 3229 348 3298 propriis
361 3230 494 3298 domibus,
507 3232 555 3285 sed
568 3237 676 3284 tanturn
689 3247 705 3285 a
718 3231 791 3285 libris
804 3231 965 3300 Aristotelis,
979 3239 1007 3285 et
1023 3233 1156 3301 superbis
1172 3239 1245 3286 stant
1258 3233 1383 3301 semper.¹

232 3333 277 3386 PP·
292 3335 315 3382 ²2
331 3333 355 3384 3·

270 3401 356 3471 Many
367 3403 469 3456 similar
481 3403 656 3459 illustrations
668 3405 721 3458 will
739 3406 775 3459 be
787 3404 873 3459 found
885 3423 985 3474 among
997 3405 1044 3460 the
1057 3423 1181 3476 passages
1193 3408 1297 3477 quoted
1310 3407 1382 3462 from

232 3485 281 3538 the
293 3494 448 3554 opponents
460 3486 492 3541 oi
501 3487 549 3541 the
563 3487 738 3542 Aristotelian
751 3488 911 3560 philosophy
925 3491 951 3542 in
965 3490 1013 3543 the
1029 3491 1229 3558 Introduction,
1243 3494 1257 3559 §
1275 3509 1315 3545 re.

269 3569 279 3598 ⁹
298 3568 414 3623 Bacon’s
432 3571 596 3640 impatience
615 3571 680 3624 with
698 3571 746 3627 the
765 3575 985 3641 ever-recurrlng
1006 3575 1101 3644 appeal
1119 3582 1149 3628 to
1168 3575 1308 3643 authority
1327 3576 1384 3642 has,

232 3651 265 3706 of
273 3669 379 3720 course,
392 3653 458 3707 here
470 3654 604 3724 betrayed
616 3655 672 3708 him
685 3655 744 3710 into
757 3657 958 3724 exaggeration.
989 3659 1121 3724 Consent,
1129 3658 1258 3711 however
1266 3659 1382 3726 danger·

231 3753 281 3790 nus
299 3737 321 3791 it
339 3754 401 3806 may
413 3738 449 3792 be
467 3742 498 3791 to
516 3745 612 3807 accept
631 3740 652 3792 it
670 3755 699 3792 as
717 3755 752 3792 an
771 3741 896 3793 ultimate
911 3747 1063 3808 argument,
1080 3742 1110 3808 is,
1128 3740 1207 3794 there
1223 3756 1275 3794 can
1294 3741 1329 3794 be
1346 3757 1383 3795 no

231 3821 327 3888 doubt,
352 3821 446 3874 rather
468 3839 484 3875 a
508 3824 696 3890 presumption
721 3823 749 3876 in
773 3823 869 3877 favour
893 3823 926 3876 of
946 3840 980 3877 an
1005 3825 1116 3892 opinion
1139 3823 1204 3876 than
1226 3825 1330 3891 against
1351 3826 1382 3879 it.

231 3906 367 3958 ‘Securus
382 3905 488 3972 judicat
506 3905 580 3960 orbis
597 3907 749 3960 terrarum’
771 3908 793 3959 is
811 3923 846 3960 an
865 3907 1066 3960 over-strained
1086 3908 1186 3974 axiom,
1205 3908 1264 3973 but,
1286 3907 1318 3961 oi
1334 3909 1383 3962 the

231 3995 288 4042 two
300 3991 513 4056 exaggerations,
527 3991 548 4042 it
565 3990 588 4042 is
606 4003 704 4044 nearer
721 3991 770 4043 the
787 3990 864 4043 truth
876 3991 943 4044 than
961 3989 1008 4044 the
1021 3991 1189 4044 ‘Pessimum
1203 3993 1326 4044 omnium
1340 4000 1381 4046 est

230 4073 388 4139 augurium’
401 4073 451 4126 &c
464 4073 495 4127 of
505 4073 607 4128 Bacon.

267 4153 289 4186 ¹⁰
307 4155 401 4209 There
423 4171 485 4225 may
503 4157 539 4210 be
557 4173 574 4210 a
589 4158 674 4210 touch
690 4155 723 4210 of
741 4157 818 4225 irony
836 4156 863 4209 in
882 4155 936 4209 this
954 4157 1108 4224 exception.
1146 4156 1209 4210 The
1228 4157 1340 4212 allusion
1361 4161 1382 4214 is

231 4245 262 4293 to
275 4239 455 4293 Parliaments
467 4242 521 4295 and
534 4241 670 4308 Councils,
684 4241 772 4294 which
785 4241 880 4294 decide
893 4242 930 4311 by
942 4257 958 4293 a
970 4242 1098 4311 majority
1111 4239 1143 4294 of
1150 4242 1289 4310 suffrages.

266 4321 286 4354 ¹¹
306 4325 357 4377 See
370 4324 454 4392 Aphs.
470 4329 501 4377 28
515 4324 570 4378 and
583 4341 626 4390 47.

266 4406 289 4440 ¹²
307 4411 358 4463 See
373 4409 523 4463 Plutarch’s
537 4409 598 4463 Lile
610 4410 642 4464 oi
653 4409 784 4478 Phocion,
797 4410 841 4465 ch.
855 4417 888 4466 8:
907 4407 980 4464 'aaa
993 4409 1022 4463 δὲ
1034 4409 1119 4480 λέγων
1130 4411 1193 4466 ποτὲ
1205 4414 1308 4482 γνώμην
1318 4415 1383 4480 πρὸς

230 4493 276 4546 τὸν
288 4493 370 4562 δῆμον
381 4493 517 4560 εὐδοκίμει,
530 4495 570 4546 καὶ
582 4495 679 4550 πάντας
691 4497 794 4562 ὁμαλῶς
806 4497 872 4566 ε’ώρο
884 4495 928 4548 τὸν
940 4496 1021 4564 λόγον
1032 4492 1245 4563 ἀποδεχομένους,
1259 4494 1383 4566 ἐπιστρα-

232 4577 291 4648 φεὶς
303 4579 368 4646 πρὸς
379 4578 440 4634 τοὺς
451 4577 547 4648 dehent
559 4572 636 4632 einen·
669 4578 707 4632 Οὐ
719 4578 750 4648 δή
762 4577 813 4634 πού
825 4601 849 4634 τι
862 4579 938 4632 κακὸν
950 4578 1035 4650 λέγων
1047 4578 1157 4648 ἐμαυτὸν
1168 4577 1282 4649 hainin
