3308 5106
600 427 929 487 matrooucrront.
1301 419 1342 506 89

189 601 234 666 his
255 603 350 667 worlts
370 605 464 672 bears,
481 604 651 683 perhaps,a
672 623 773 666 nearer
793 605 993 665 resemblance
1014 615 1044 665 to
1064 603 1148 666 those
1169 603 1206 666 of
1221 604 1341 666 Francis

190 705 292 764 Bacon
317 706 388 765 than
410 724 466 766 can
485 707 523 764 be
548 704 638 764 found
662 705 692 762 in
715 723 773 781 any
795 705 995 763 intertnediate
1018 707 1120 777 writer,
1141 706 1192 765 but
1213 706 1291 779 here,
1311 706 1346 766 ol

189 823 301 872 course,
316 804 330 863 l
345 815 425 865 must
439 804 555 863 confine
574 803 681 881 myself
698 814 728 862 to
750 803 868 879 specific
887 803 985 880 points
1005 804 1064 863 and
1082 813 1113 863 to
1134 823 1151 863 a
1168 803 1221 864 lew
1236 804 1342 881 typical

189 906 364 980 quotations.

187 1021 198 1064 t
230 1003 266 1062 In
280 1005 329 1062 the
344 1003 430 1081 Opus
445 1003 550 1080 Maius,
565 1003 633 1061 Part
643 1001 679 1062 vi.
693 1021 777 1078 capp.
794 1020 818 1073 1,
833 1020 848 1058 a
865 1000 932 1079 (Ed.
945 1001 1029 1079 Jebb‚
1038 1019 1087 1079 pp.
1101 1017 1169 1076 445,
1179 1000 1253 1080 tiro),
1263 1002 1341 1061 there

189 1105 214 1162 is
229 1123 246 1162 a
260 1104 382 1179 striking
402 1103 584 1179 disquisition
606 1119 648 1160 on
668 1102 716 1160 the
737 1103 880 1177 necessity
893 1101 952 1160 and
973 1101 1065 1177 utility
1079 1101 1114 1160 of
1131 1103 1339 1178 experimental

190 1203 314 1262 scicnce.
357 1201 424 1261 The
446 1219 571 1279 passage
591 1201 616 1259 is
638 1211 689 1259 too
710 1201 781 1277 long
796 1209 827 1258 to
847 1209 935 1277 quote
957 1209 986 1258 at
1004 1199 1112 1276 length,
1130 1202 1190 1272 but,
1205 1211 1343 1278 amongst

190 1301 274 1360 other
286 1301 394 1377 things,
409 1301 446 1359 he
461 1319 543 1376 says:
566 1299 654 1359 ‘Sine
675 1300 853 1376 experientia
874 1299 942 1357 nihil
963 1299 1137 1359 sufficienter
1151 1301 1216 1359 sciri
1236 1311 1342 1378 potest,

190 1400 260 1459 Duo
274 1401 353 1459 enim
368 1409 435 1460 sunt
448 1400 530 1459 modi
549 1397 758 1476 cognoscendi,
774 1399 882 1458 scilicet
897 1417 949 1476 per
963 1409 1168 1475 argumentum
1186 1411 1215 1458 et
1229 1402 1340 1476 experi-

189 1511 330 1560 mentum.
351 1499 568 1575 Argumentum
582 1497 730 1557 concludit
744 1507 773 1556 et
788 1497 855 1556 lacit
870 1516 925 1557 nos
940 1498 1114 1558 concludere
1130 1501 1341 1576 quaestionem,

191 1599 243 1658 sed
261 1617 322 1658 non
342 1597 478 1657 certificat
492 1614 588 1673 neque
607 1604 738 1655 removet
756 1596 976 1668 dubitationem,
991 1609 1023 1656 ut
1037 1599 1164 1675 quiescat
1179 1599 1292 1656 animus
1312 1599 1343 1656 in

190 1698 295 1757 intuitu
310 1697 443 1767 veritatis,
458 1696 512 1754 nisi
526 1713 592 1754 eam
607 1694 733 1753 inveniat
747 1695 793 1753 via
812 1697 1022 1772 experientiae;
1046 1697 1114 1774 quia
1132 1696 1214 1755 multi
1234 1696 1343 1756 habent

191 1806 363 1873 argumenta
383 1796 422 1854 ad
443 1793 562 1866 scibilia,
584 1793 637 1852 sed
651 1795 719 1870 quia
741 1812 802 1853 non
823 1795 933 1854 habent
953 1796 1169 1872 experientiam,
1191 1795 1342 1872 negligunt

191 1914 235 1962 ea.
251 1914 306 1954 nec
320 1895 410 1953 vitant
423 1893 528 1954 nociva
544 1911 599 1951 nec
613 1903 827 1969 persequuntur
847 1894 944 1953 bona!
979 1894 1048 1953 And
1069 1895 1164 1971 again,
1179 1895 1257 1968 ‘Qui
1272 1913 1342 1970 ergo

190 1994 250 2054 vult
269 1995 332 2052 sine
352 1993 600 2052 demonstratione
614 1992 743 2068 gaudere
765 1992 801 2051 de
816 1993 983 2052 veritatibus
1004 2012 1108 2062 rerum,
1127 2004 1243 2071 oportet
1262 1993 1342 2071 quod

191 2093 387 2170 experientiae
408 2093 481 2150 sciat
502 2109 612 2149 vacare.
657 2089 735 2148 Nam
757 2091 848 2150 multa
870 2093 999 2151 scribunt
1021 2101 1162 2163 auctores,
1188 2104 1216 2152 et
1240 2093 1343 2168 vulgus

192 2202 270 2252 tenet
291 2210 343 2268 per
363 2201 542 2267 argumenta,
565 2206 640 2265 quae
661 2188 744 2266 fingit
763 2189 826 2248 sine
848 2191 1033 2267 experientia,
1048 2209 1124 2268 quae
1140 2202 1206 2250 sunt
1220 2193 1343 2251 omnino

191 2289 283 2350 salsa!
327 2289 376 2349 He
398 2290 467 2348 then
483 2288 636 2366 proceeds
651 2306 691 2346 on
710 2288 760 2347 the
779 2289 895 2364 ground
917 2287 952 2348 ol
965 2291 1147 2366 experience,
1163 2301 1193 2349 to
1214 2290 1305 2349 refute
1326 2309 1343 2348 a

190 2391 317 2449 number
331 2389 366 2448 of
374 2388 474 2465 vrtlgar
488 2405 590 2459 errors,
603 2387 675 2446 such
689 2405 722 2446 as
737 2386 797 2446 that
811 2386 860 2446 the
875 2387 1014 2447 diamond
1029 2406 1085 2446 can
1100 2389 1167 2465 only
1176 2391 1213 2447 be
1228 2389 1343 2447 broken

190 2491 231 2565 by
253 2486 348 2564 goat's
369 2487 469 2558 blood,
491 2490 544 2546 &c
585 2486 626 2545 At
646 2485 695 2546 the
715 2486 877 2563 beginning
898 2485 933 2544 ol
949 2505 1057 2563 capa,
1077 2488 1114 2547 he
1137 2505 1218 2566 says:
1241 2488 1343 2546 ‘Haec

189 2589 313 2647 scientia
326 2585 559 2662 experimentalis
573 2603 590 2643 a
604 2584 692 2661 vulgo
707 2583 884 2644 studentium
899 2595 943 2645 est
958 2586 1072 2661 penitus
1087 2585 1239 2663 ignorata!
1274 2587 1343 2645 And

190 2703 210 2744 a
220 2685 289 2745 little
303 2683 410 2744 lurther
423 2703 464 2742 on
479 2683 521 2762 (p.
538 2685 628 2756 448):
650 2682 706 2741 ‘Et
719 2682 792 2743 haec
812 2684 933 2743 scientia
951 2684 1039 2744 habet
1053 2696 1110 2743 tres
1125 2703 1248 2762 magnas
1262 2704 1343 2761 prae-

190 2785 337 2862 rogativas
364 2791 498 2860 respectu
533 2784 654 2841 aliarum
683 2783 878 2842 scientiarum.
933 2782 1002 2843 Una
1030 2794 1074 2843 est
1102 2785 1183 2861 quod
1211 2785 1343 2843 omniurn

188 2884 304 2943 illarum
325 2882 529 2942 conclusiones
552 2881 665 2940 nobiles
688 2881 840 2957 investigat
864 2901 917 2959 per
941 2883 1157 2958 experientiam.
1201 2881 1344 2941 Scientiae

189 2983 269 3042 enim
295 2981 367 3040 aliae
392 2981 487 3040 sciunt
509 2998 561 3039 sua
581 2980 723 3056 principia
745 2981 873 3040 invenire
896 3001 948 3059 per
969 2981 1176 3060 experimenta,
1198 2982 1250 3040 sed
1272 2999 1343 3040 con·

190 3081 336 3140 clusiones
351 3097 404 3155 per
417 3087 590 3155 argumenta
605 3076 680 3138 lacta
694 3098 730 3138 ex
745 3081 894 3157 principiis
915 3082 1047 3139 inventis
1090 3080 1120 3139 Si
1135 3099 1203 3140 vero
1218 3081 1344 3139 debeant

189 3181 298 3240 habere
310 3178 519 3254 experientiam
533 3176 755 3237 conclusionum
770 3197 888 3238 suarum
902 3180 1103 3257 particularem
1117 3188 1146 3240 et
1157 3179 1344 3256 completam,

189 3289 260 3337 tunc
284 3286 400 3354 oportet
423 3277 504 3353 quod
526 3275 653 3336 habeant
674 3297 726 3354 per
751 3279 927 3356 adjutorium
950 3279 1031 3338 istius
1056 3280 1194 3338 scientiae
1219 3276 1344 3337 nobilis!

191 3375 266 3434 This
287 3374 343 3434 last
365 3392 490 3451 passage
515 3374 660 3453 distinctly
684 3387 791 3436 asserta
818 3377 867 3436 the
892 3395 945 3436 use
970 3376 1005 3437 οἰ
1026 3378 1199 3454 experience
1219 3377 1293 3435 both
1314 3376 1344 3434 in

189 3474 380 3550 establishing
394 3473 442 3532 the
457 3474 613 3551 principles
628 3474 663 3533 ol
673 3476 788 3535 science
803 3476 861 3535 and
876 3477 907 3536 in
921 3477 1061 3554 verifying
1075 3479 1111 3536 its
1128 3477 1322 3536 conclusions.

232 3572 281 3632 To
296 3573 344 3632 the
359 3591 439 3632 same
454 3573 540 3632 effect
554 3573 580 3632 is
594 3572 644 3632 the
659 3573 795 3652 teaching
809 3574 845 3634 oi
858 3593 921 3652 cap.
942 3595 977 3652 ¹3
994 3575 1029 3635 ol
1039 3575 1087 3634 the
1102 3575 1187 3652 Opus
1202 3575 1345 3634 Tertium.

190 3671 259 3732 The
273 3670 423 3747 following
437 3689 577 3748 passages
591 3672 706 3731 remind
724 3691 783 3731 one
803 3673 838 3732 ol
848 3673 968 3733 Francis
982 3673 1110 3733 Bacon’s
1125 3675 1301 3750 conception
1315 3672 1351 3732 of

191 3770 313 3830 Natural
335 3769 517 3846 Philosophy
542 3788 574 3829 as
597 3770 646 3829 the
674 3775 786 3830 ‘mater
812 3769 1014 3830 scientiarum?
1057 3771 1133 3830 ‘Sed
1157 3783 1270 3848 praeter
1292 3770 1346 3831 has

191 3871 326 3929 scientias
348 3878 393 3928 est
414 3886 473 3926 una
494 3869 648 3945 perfectior
669 3870 815 3941 omnibus,
830 3870 875 3927 cui
897 3887 1002 3927 omnes
1023 3868 1207 3939 famulantur,
1227 3877 1256 3927 et
1270 3887 1346 3945 quae

191 3987 295 4028 omnes
309 3969 384 4026 miro
406 3967 498 4026 modo
512 3967 666 4028 certificat:
689 3977 719 4027 et
739 3967 812 4026 haec
827 3976 947 4025 vocatur
962 3967 1084 4026 scientia
1100 3967 1345 4041 experimentalis,

191 4085 267 4144 quae
292 4067 414 4143 negligit
439 4077 620 4142 argumenta,
644 4067 785 4143 quoniam
809 4083 871 4124 non
896 4063 1063 4136 certificant,
1088 4075 1346 4142 quantumcunque

191 4167 248 4224 sint
261 4165 356 4234 fortia,
370 4165 426 4223 nisi
442 4164 527 4223 simul
541 4164 616 4223 adsit
629 4163 807 4241 experientia
821 4162 1035 4223 conclusionis!
1072 4163 1126 4220 ‘Et
1139 4161 1211 4222 haec
1226 4163 1346 4223 scientia

190 4263 329 4322 certificat
352 4262 452 4322 omnia
476 4262 616 4320 naturalia
643 4273 672 4321 et
696 4262 852 4322 artificialia
879 4262 910 4320 in
936 4261 1098 4338 particulari
1120 4272 1149 4320 et
1174 4263 1204 4320 in
1229 4263 1346 4339 propria

191 4360 352 4437 disciplina,
383 4379 435 4437 per
469 4361 679 4438 experientiam
713 4361 888 4437 perlectam
925 4379 986 4419 non
1021 4379 1073 4437 per
1105 4370 1284 4436 argumenta,
1313 4373 1345 4420 ut

191 4460 329 4518 scientiae
354 4477 426 4535 pure
455 4458 659 4535 speculativae,
680 4477 736 4518 nec
760 4478 812 4535 per
837 4459 948 4518 debiles
971 4469 1000 4518 et
1022 4458 1206 4535 imperfectas
1229 4461 1342 4537 experi-

191 4556 292 4630 entias,
315 4565 348 4617 ut
372 4557 509 4620 scientiae
536 4558 711 4637 operativae.
754 4557 793 4618 Et
815 4557 881 4618 ideo
907 4557 979 4619 haec
1001 4567 1045 4618 est
1066 4557 1186 4619 domina
1210 4559 1343 4618 omnium
