3220 5102
308 469 372 548 462
687 475 844 532 NOVUM
865 475 1082 531 ORGANUM.

315 666 333 708 e
349 653 470 708 contra.
516 641 641 705 Verum
656 641 739 705 haee
755 641 879 705 decisio
900 641 969 705 sive
987 639 1189 723 abjudicatio
1213 647 1302 703 certa
1321 638 1475 711 videtur,

314 749 423 831 posito
446 747 535 830 quod
559 756 646 810 terra
668 754 734 809 stet
761 746 947 809 immobilis.
993 745 1092 827 Quod
1116 745 1143 808 si
1166 754 1252 808 terra
1274 752 1371 814 rotet,
1396 741 1476 804 fleri

313 852 452 914 sortasse
477 859 588 933 potest
614 859 650 912 ut
674 870 717 912 ex
740 848 905 930 inaequali
929 849 1091 912 rotatione
1113 846 1291 933 (quatenus
1312 848 1356 911 ad
1379 847 1475 910 cele-

314 955 447 1018 ritatem
466 955 535 1018 sive
555 949 794 1036 incitationem)
818 961 924 1015 terrae
947 960 981 1014 et
1003 971 1163 1033 aquarum
1187 952 1294 1029 maris,
1308 961 1476 1032 sequatur

314 1058 497 1140 compulsio
523 1057 668 1120 violenta
694 1076 852 1139 aquarum
884 1055 916 1117 in
948 1055 1115 1119 cumulum
1145 1075 1281 1134 sursum,
1306 1075 1393 1136 quae
1426 1055 1473 1116 sit

314 1161 443 1224 fluxus:
475 1170 508 1224 et
531 1158 692 1224 relaxatio
716 1160 896 1228 earundem
923 1157 1115 1243 (postquam
1139 1160 1281 1241 amplius
1304 1157 1472 1222 cumulari

314 1286 380 1328 non
397 1263 624 1350 sustinuerint)
644 1265 676 1327 in
692 1265 856 1340 deorsum,
872 1283 956 1345 quae
975 1264 1018 1326 sit
1039 1263 1183 1328 refluxus
1193 1264 1229 1326 ⁷⁸.
1272 1263 1399 1328 Verum
1425 1262 1471 1324 de

312 1367 376 1432 hoc
399 1367 547 1432 iacienda
573 1378 623 1433 est
650 1368 817 1450 inquisitio
843 1367 1029 1448 separatim.
1075 1367 1239 1430 Attamen
1271 1368 1372 1430 etiam
1404 1367 1472 1430 hoc

313 1473 493 1554 supposito,
517 1473 596 1536 illud
624 1494 729 1556 aeque
755 1481 867 1534 manet
899 1469 1014 1546 fixum,
1037 1472 1127 1553 quod
1159 1492 1292 1535 necesse
1320 1473 1364 1535 sit
1397 1471 1471 1532 fieri

314 1578 434 1642 alicubi
451 1577 614 1641 refluxum
630 1577 729 1640 maris
745 1578 787 1639 ad
805 1575 922 1639 eadem
943 1585 1095 1657 tempora
1113 1576 1230 1657 quibus
1250 1575 1331 1639 flunt
1352 1574 1471 1639 fluxus

314 1682 346 1744 in
362 1681 435 1744 aliis
451 1682 607 1762 partibus.

358 1784 526 1861 Similiter,
543 1786 585 1848 sit
604 1794 721 1848 natura
738 1784 891 1866 inquisita
904 1784 1065 1865 posterior
1079 1783 1133 1848 ille
1149 1793 1260 1847 motus
1275 1805 1318 1847 ex
1333 1785 1470 1846 duobus

314 1910 397 1972 quos
415 1889 656 1971 supposuimus,
671 1888 823 1952 videlicet
839 1898 949 1952 motus
967 1890 1065 1951 maris
1081 1910 1116 1952 se
1132 1889 1288 1952 attollens
1304 1898 1337 1952 et
1353 1909 1470 1950 rursus
1555 1925 1560 1935 ·

314 1994 507 2069 subsidens;
534 1993 561 2054 si
584 1991 668 2056 sorte
691 1993 737 2054 ita
759 1993 914 2056 acciderit
937 2002 972 2056 ut
995 1990 1160 2076 (diligenti
1183 1993 1270 2056 sacto
1294 1989 1470 2076 examine)

314 2097 478 2177 rejiciatur
504 2104 613 2158 motus
637 2096 728 2174 alter,
754 2095 887 2179 dequo
914 2098 1069 2168 diximus,
1094 2098 1326 2178 progressivus.
1373 2095 1469 2158 Tum

312 2221 391 2263 vero
414 2200 474 2262 erit
497 2200 628 2262 trivium
656 2201 741 2263 circa
766 2201 851 2264 hanc
879 2210 1030 2263 naturam
1057 2200 1131 2265 tale.
1178 2201 1322 2263 Necesse
1349 2210 1402 2263 est
1430 2209 1470 2262 ut

315 2313 423 2366 motus
454 2304 524 2380 iste,
555 2324 614 2386 per
646 2325 745 2386 quern
775 2325 881 2387 aquae
912 2307 945 2368 in
976 2304 1120 2367 fluxibus
1151 2314 1185 2369 et
1216 2304 1398 2368 refluxibus
1430 2326 1470 2367 se

313 2409 469 2472 attollunt
480 2417 513 2471 et
526 2428 634 2471 rursus
644 2409 841 2488 relabuntur,
851 2410 977 2491 absque
986 2409 1097 2491 aliqua
1107 2410 1292 2473 accessione
1302 2429 1469 2491 aquarum

312 2511 449 2575 aliarum
465 2533 550 2595 quae
566 2513 790 2588 advolvuntur,
808 2514 864 2577 fiat
886 2534 945 2595 per
962 2534 1064 2576 unum
1080 2535 1123 2576 ex
1142 2513 1193 2576 his
1211 2515 1315 2577 tribus
1334 2513 1445 2576 modis
1461 2535 1470 2590 ;

313 2617 364 2678 vel
394 2617 481 2698 quod
510 2617 572 2680 ista
595 2637 755 2697 aquarum
779 2618 874 2700 copia
897 2628 1030 2680 emanet
1054 2639 1097 2681 ex
1124 2617 1332 2681 interioribus
1356 2628 1470 2681 terrae

315 2727 348 2782 et
364 2741 472 2783 rursus
489 2720 521 2782 in
538 2720 593 2783 illa
608 2740 643 2783 se
660 2720 851 2802 recipiat⁷⁹3
880 2721 933 2784 vel
949 2723 1037 2804 quod
1055 2743 1121 2784 non
1137 2722 1180 2785 sit
1195 2722 1306 2804 aliqua
1321 2723 1471 2804 amplior

315 2825 418 2888 moles
441 2806 610 2906 aquaium,
628 2825 685 2888 sed
709 2823 798 2908 quod
822 2827 959 2889 eaedem
983 2847 1089 2908 aquae
1112 2823 1193 2910 (non
1215 2836 1313 2890 aucto
1335 2836 1469 2908 quanto

347 3075 369 3108 '⁸
387 3081 523 3148 Compare
541 3082 588 3134 the
606 3082 705 3151 theory
724 3083 756 3137 oi
772 3084 887 3150 Gallieo,
902 3085 1012 3138 noticed
1030 3085 1125 3152 above,
1144 3085 1310 3151 connecting
1326 3082 1374 3136 the
1395 3083 1468 3152 phe-

313 3177 451 3215 nomenon
465 3163 497 3216 of
506 3165 553 3218 the
566 3165 636 3218 tides
648 3167 714 3220 with
727 3168 774 3220 the
787 3169 908 3222 rotatiou
921 3168 954 3222 of
963 3169 1009 3223 the
1022 3171 1109 3224 earth.

347 3243 369 3275 ⁷⁰
388 3246 558 3301 ‘Dubitatur
576 3249 726 3302 etiamnum
739 3251 837 3319 quibus
856 3269 890 3305 ex
909 3255 995 3306 causis
1014 3255 1177 3308 intumescat
1191 3254 1325 3316 Oceanus,
1338 3253 1380 3305 vel
1394 3267 1468 3321 qua-

312 3335 401 3396 tenus,
414 3345 476 3383 cum
489 3331 640 3398 superfluus
656 3333 706 3386 sibi
725 3334 817 3402 fuerit,
832 3352 925 3389 rursus
937 3337 964 3389 in
977 3353 1006 3390 se
1020 3339 1129 3392 residat.
1165 3337 1225 3391 Nec
1239 3339 1267 3390 in
1279 3338 1398 3390 obscuro
1411 3341 1467 3399 est,

311 3411 388 3480 plura
401 3428 451 3481 pro
464 3413 578 3479 ingeniis
585 3415 778 3484 differentium,
789 3418 879 3485 potius
887 3435 970 3488 quarn
983 3437 1033 3488 pro
1043 3423 1165 3475 veritatis
1178 3421 1231 3474 fide
1245 3436 1380 3488 expressa.
1408 3417 1466 3470 Sed

312 3497 412 3548 omisso
424 3496 535 3563 ancipiti
548 3499 771 3551 concurrentium
785 3503 976 3568 quaestionum
990 3504 1038 3558 has
1051 3505 1192 3573 opiniones
1205 3504 1407 3573 probatissimas
1420 3502 1466 3554 in-

311 3579 443 3632 venimus.
469 3579 577 3649 Physici
586 3581 669 3648 aiunt,
678 3584 811 3636 mundum
820 3587 918 3640 animal
926 3603 990 3648 esse,
1001 3605 1120 3659 eumque
1129 3606 1163 3642 ex
1172 3591 1251 3642 variis
1260 3589 1465 3642 elementorum

311 3664 471 3731 corporibus
489 3665 692 3732 conglobatum,
705 3669 809 3720 moveri
826 3671 930 3737 spiritu,
944 3672 1000 3738 regi
1017 3679 1127 3726 mente:
1147 3689 1217 3742 quae
1231 3679 1349 3742 utraque
1365 3669 1466 3723 diflusa

310 3761 361 3813 per
375 3747 499 3800 membra
516 3749 615 3815 omnia,
629 3756 757 3802 aeternae
770 3752 849 3804 molis
861 3753 982 3819 vigorem
996 3761 1152 3809 exerceant.
1190 3757 1266 3808 Sicut
1279 3771 1345 3822 ergo
1358 3755 1385 3806 iu
1399 3769 1466 3805 cor-

310 3829 422 3898 poribus
434 3832 534 3884 uostris
547 3833 713 3887 commercia
725 3842 788 3888 sunt
797 3836 932 3904 spiritalia,
944 3837 981 3889 ita
992 3838 1018 3890 in
1030 3838 1171 3906 profundis
1180 3839 1283 3893 Oceani
1292 3855 1371 3891 nares
1380 3851 1464 3907 quas-

308 3913 373 3965 dam
388 3914 482 3966 muudi
499 3917 671 3983 constitutas,
684 3932 734 3985 per
746 3935 814 3987 quas
826 3920 915 3972 emissi
928 3921 1069 3988 anhelitus,
1085 3923 1127 3975 vel
1140 3923 1255 3990 reducti,
1269 3922 1352 3976 modo
1365 3921 1465 3974 inflent

310 3997 403 4063 maria,
413 3997 496 4051 modo
507 4008 646 4054 revocent.
665 4003 701 4055 At
710 4001 746 4069 hi,
755 4003 800 4072 qui
811 4004 931 4056 siderum
941 4013 1093 4074 sequuntur
1102 4006 1279 4075 disciplinam,
1287 4007 1464 4059 contendunt

310 4087 416 4133 meatus
426 4083 493 4134 istos
505 4085 673 4137 commoveri
684 4085 763 4139 lunae
774 4087 913 4141 cursibus:
927 4088 996 4141 adeo
1008 4096 1039 4142 ut
1051 4090 1248 4143 vicissitudines
1260 4091 1332 4144 iuter
1344 4090 1464 4142 maciem

310 4181 442 4234 aquarum
468 4174 496 4219 et
521 4168 727 4236 plenitudinem,
750 4171 895 4238 respiciant
919 4172 1049 4226 adauctus
1074 4175 1140 4242 ejus,
1162 4175 1204 4228 vel
1226 4175 1340 4244 eliquia:
1368 4189 1462 4242 neque

309 4249 408 4302 eodem
427 4266 536 4318 semper
553 4258 688 4320 tempore,
706 4251 755 4307 sed
773 4261 856 4322 prout
875 4255 918 4307 illa
936 4261 983 4308 aut
1001 4258 1147 4324 minuatur,
1166 4265 1213 4312 aut
1232 4264 1345 4324 crescat,
1363 4257 1463 4310 variari

309 4332 476 4386 altemautes
494 4336 638 4389 recursus!
675 4337 759 4388 Solini
779 4337 943 4406 Polyhistor.
963 4355 1021 4407 cap.
1035 4341 1108 4394 xxiii.
1126 4341 1161 4394 ad
1179 4341 1225 4396 fin.
1261 4343 1313 4409 Cp.
1326 4342 1393 4395 with
1411 4340 1463 4393 tbe

309 4417 392 4470 latter
408 4417 520 4484 opinion
540 4417 641 4486 (which
659 4420 681 4473 is
697 4426 730 4473 to
747 4420 783 4473 be
802 4421 889 4474 found
908 4423 935 4475 in
955 4423 1002 4476 the
1020 4424 1319 4479 Pseudo-Aristotelian
1338 4425 1463 4490 treatise‚

309 4499 373 4564 ssepi
387 4502 503 4568 Κόσμον,
517 4502 559 4556 ch.
574 4522 598 4568 4.
611 4518 638 4571 p.
654 4507 703 4569 396
723 4520 747 4558 a.
763 4503 853 4573 25-7),
867 4506 953 4575 Pliny,
967 4506 1030 4561 Nat.
1046 4509 1118 4562 Hist.
1138 4509 1164 4563 ii.
1184 4525 1215 4575 97
1232 4509 1299 4580 (99),
1317 4515 1383 4563 sect.
1399 4528 1462 4579 ara,

310 4581 369 4650 δια,
383 4582 445 4636 who
458 4583 544 4638 refers
557 4585 604 4639 the
615 4585 688 4640 tides
699 4593 729 4641 to
742 4585 790 4641 the
798 4586 872 4657 joint
885 4591 978 4644 action
991 4590 1023 4644 of
1032 4591 1080 4645 the
1093 4593 1148 4646 Suu
1161 4593 1215 4647 and
1229 4592 1326 4648 Moon.
