3220 5102
328 405 392 495 538
704 416 862 472 novun
883 414 1103 472 occanum

330 577 432 642 motui
454 577 709 660 congregatione
731 577 870 642 minoris
895 576 1076 640 contrarius
1088 598 1096 656 ;
1130 596 1189 659 per
1218 597 1319 658 quem
1349 597 1496 659 corpora

329 704 373 746 ex
386 682 570 764 antipathia
585 681 715 764 fugiunt
731 690 765 745 et
778 681 896 763 fugant
912 680 1052 760 inimica,
1064 702 1165 763 seque
1180 682 1224 745 ab
1240 682 1305 744 illis
1321 693 1498 764 separant,

328 796 386 851 aut
401 808 477 851 cum
494 787 557 851 illis
574 788 708 851 miscere
724 807 759 850 se
774 795 936 852 recusant.
977 786 1139 869 Quamvis
1154 788 1243 850 enim
1259 787 1367 851 videri
1382 787 1495 870 possit

328 892 361 956 iu
384 892 548 975 aliquibus
571 892 624 956 hic
648 900 757 955 motus
780 911 853 954 esse
876 901 986 956 motus
1008 900 1139 955 tantum
1162 913 1222 975 per
1244 893 1404 956 accidens
1432 903 1496 954 aut

329 1017 387 1080 per
409 1017 621 1080 consequens,
645 1004 795 1078 respectu
819 1004 930 1059 motus
954 997 1211 1078 congregationis
1235 997 1386 1075 minorat,
1412 997 1495 1078 quia

329 1110 497 1183 nequeunt
519 1102 606 1165 coire
628 1100 844 1182 homogenea,
867 1100 927 1162 nisi
950 1099 1178 1182 heterogeneis
1200 1101 1349 1164 exclusis
1375 1109 1415 1163 et
1443 1121 1495 1164 re-

329 1205 447 1282 motis3
470 1213 583 1268 tamen
601 1205 774 1287 ponendus
797 1212 848 1267 est
870 1213 980 1268 motus
1003 1204 1065 1268 iste
1088 1223 1147 1286 per
1165 1225 1213 1282 se,
1231 1214 1266 1268 et
1285 1205 1318 1267 in
1339 1204 1494 1287 speciem

328 1309 585 1384 constituendus,
602 1309 680 1390 quia
703 1308 735 1371 in
760 1305 873 1371 multis
894 1309 1063 1391 appetitus
1081 1307 1187 1390 [τιμε
1209 1309 1356 1372 cernitur
1379 1309 1496 1390 magis

327 1413 516 1496 principalis
531 1434 631 1495 quam
647 1413 815 1496 appetitus
831 1413 992 1479 coitionis.

372 1517 506 1581 Eminet
531 1526 643 1581 autem
669 1517 721 1581 hic
747 1526 857 1580 motus
882 1517 1052 1600 insigniter
1076 1515 1109 1580 in
1133 1515 1383 1580 excretionibus
1420 1517 1495 1580 ani·

330 1622 486 1702 malium;
518 1642 578 1685 nec
601 1620 710 1684 minus
733 1621 833 1684 etiam
857 1620 890 1683 in
914 1641 1069 1685 sensuum
1097 1620 1332 1684 nonnullorum
1360 1621 1495 1684 odiosis

328 1727 476 1809 objectis,
498 1726 673 1810 praecipue
696 1726 728 1788 in
752 1725 876 1789 olfactu
900 1733 934 1790 et
956 1734 1064 1808 gustu.
1109 1724 1203 1789 Odor
1225 1725 1313 1788 enim
1338 1723 1496 1788 foetidus

327 1830 373 1894 ita
389 1831 533 1912 rejicitur
547 1831 590 1895 ab
606 1828 739 1908 olfactu,
751 1838 788 1892 ut
801 1829 905 1892 etiam
918 1829 1054 1893 inducat
1069 1829 1102 1892 in
1117 1849 1155 1892 os
1169 1828 1333 1893 stomachi
1352 1838 1494 1893 motum

328 1935 531 2017 expulsionis
541 1955 599 2017 per
611 1953 823 2012 consensum3
842 1953 941 2016 sapor
951 1953 1082 1997 amarus
1095 1943 1128 1997 et
1143 1932 1294 1996 horridus
1311 1933 1361 1996 ita
1380 1933 1494 2014 rejici-

326 2047 380 2100 tur
393 2058 414 2100 a
425 2038 539 2119 palato
554 2045 612 2100 aut
626 2047 770 2120 gutture,
780 2047 817 2101 ut
833 2036 968 2101 inducat
984 2057 1042 2120 per
1056 2056 1250 2101 consensum
1266 2037 1393 2118 capitis
1411 2057 1494 2100 con-

326 2141 571 2222 quassationem
588 2151 621 2205 et
637 2141 815 2206 horrorem.
860 2141 1087 2206 Veruntamen
1103 2142 1203 2205 etiam
1220 2141 1252 2203 in
1273 2139 1350 2203 aliis
1371 2139 1493 2204 locum

325 2245 426 2309 habet
442 2246 504 2310 iste
520 2255 640 2311 motus.
684 2246 898 2328 Conspicitur
914 2247 1001 2310 enim
1019 2247 1052 2308 in
1070 2245 1378 2328 antiperistasibus⁵
1405 2265 1492 2308 non·

326 2349 441 2427 nullis3
466 2358 502 2413 ut
526 2351 558 2414 in
581 2351 664 2414 aeris
688 2351 797 2415 media
819 2351 960 2433 regione,
978 2350 1069 2432 cujus
1089 2349 1207 2432 frigora
1229 2349 1390 2413 videntur
1416 2370 1492 2413 esse

325 2453 519 2535 rejectiones
536 2464 671 2518 naturae
687 2454 823 2538 frigidae
839 2477 883 2518 ex
903 2453 1052 2518 confiniis
1073 2453 1262 2518 coelestium
1276 2478 1284 2532 ;
1316 2455 1491 2534 quemad-

325 2559 462 2622 modum
479 2560 579 2622 etiam
595 2560 749 2623 videntur
768 2560 880 2642 magni
899 2559 946 2622 illi
968 2557 1109 2622 fervores
1132 2568 1165 2622 et
1187 2556 1489 2632 inflammationes,

324 2682 409 2743 quae
425 2662 634 2726 inveniuntur
649 2663 681 2725 in
697 2661 777 2727 locis
792 2663 1021 2742 subterraneis,
1037 2683 1110 2726 esse
1128 2662 1320 2744 rejectiones
1340 2671 1489 2724 naturae

324 2765 449 2830 calidae
460 2767 503 2830 ab
516 2767 723 2831 interioribus
735 2767 867 2832 terraet
895 2767 997 2832 Calor
1006 2768 1093 2832 enim
1107 2757 1141 2830 et
1152 2766 1261 2849 frigus,
1271 2766 1297 2828 si
1310 2765 1439 2829 fuerint
1451 2767 1487 2828 in

322 3042 467 3110 analogous
479 3048 510 3097 to
522 3043 582 3098 that
599 3043 631 3098 of
639 3044 689 3098 the
705 3044 810 3110 needle,
823 3042 884 3097 that
897 3043 998 3097 insects
1010 3059 1060 3097 can
1075 3042 1152 3097 often
1165 3059 1245 3096 move
1256 3059 1293 3097 ou
1306 3043 1356 3097 the
1368 3043 1485 3098 surface

320 3124 353 3177 of
362 3131 449 3178 water
465 3126 581 3180 without
597 3128 713 3195 sinking,
726 3145 759 3182 or
771 3128 831 3180 that
843 3143 858 3180 a
871 3127 921 3196 dry
934 3127 988 3180 ball
1000 3127 1054 3181 and
1066 3144 1082 3181 a
1095 3127 1248 3180 moistened
1261 3126 1324 3193 ball,
1338 3127 1362 3180 if
1378 3128 1482 3196 placed

321 3222 357 3258 ou
370 3223 386 3258 a
399 3207 483 3275 liquid
496 3207 523 3260 in
537 3209 603 3261 such
616 3225 631 3262 a
644 3226 760 3264 manner
771 3211 832 3263 that
848 3209 895 3264 the
908 3209 1010 3263 curved
1023 3209 1143 3264 surfaces
1155 3209 1187 3263 of
1196 3211 1244 3264 the
1257 3210 1344 3280 liquid
1361 3211 1392 3264 in
1406 3212 1484 3264 their

318 3292 469 3358 respective
483 3291 721 3358 neighbourhoods
733 3296 872 3361 intersect,
885 3294 939 3347 will
951 3295 1025 3362 repel
1039 3293 1106 3348 each
1119 3295 1209 3349 other.

355 3369 366 3403 ⁶
385 3375 436 3427 See
450 3374 476 3428 ii.
493 3391 522 3426 12
538 3374 619 3444 (lnst.
635 3376 690 3447 24),
704 3379 757 3431 aud
772 3393 813 3445 27,
826 3379 892 3431 with
906 3385 972 3431 note
987 3397 1019 3444 94
1033 3395 1070 3432 on
1083 3378 1131 3432 the
1143 3379 1227 3432 latter
1239 3378 1398 3447 Aphorism.

355 3454 413 3510 ‘lt
437 3458 458 3512 is
482 3459 591 3512 curious
614 3465 645 3514 to
669 3461 725 3514 find
750 3462 784 3514 all
809 3461 863 3514 this
888 3477 1023 3514 nonsense
1047 3462 1166 3530 adopted
1193 3462 1230 3529 by
1254 3461 1357 3514 Bacon.
1400 3462 1426 3514 lt
1457 3462 1480 3514 is

319 3541 465 3596 borrowed
484 3541 556 3598 from
573 3544 699 3599 Telesius
719 3545 776 3615 (see
795 3545 840 3598 De
860 3545 1003 3614 Principiis
1022 3551 1106 3614 atque
1126 3545 1289 3612 Originibus,
1309 3545 1342 3597 E.
1361 3545 1419 3598 aud
1440 3547 1478 3610 S,

319 3627 372 3680 vol.
390 3627 426 3680 iil.
443 3644 490 3697 pp.
512 3627 634 3698 [ορ-ιο).
672 3629 731 3699 Cp,
745 3627 788 3681 for
806 3629 906 3681 similar
925 3629 1044 3696 notioris,
1063 3629 1147 3683 Arist.
1167 3627 1394 3694 Meteorologica,
1408 3628 1425 3682 i.
1445 3645 1476 3681 ra

321 3711 358 3782 (p.
374 3717 423 3778 348
437 3712 464 3764 b.
480 3729 504 3778 a,
517 3711 616 3780 enh).

355 3797 416 3850 One
434 3793 467 3849 of
480 3795 529 3848 the
542 3795 710 3863 Peripatetic
723 3794 864 3849 doctrines
879 3793 935 3866 (for
946 3795 1035 3849 which
1047 3809 1093 3848 see
1106 3794 1190 3848 Arist.
1204 3794 1248 3848 De
1262 3795 1333 3848 Gen.
1346 3799 1377 3847 et
1392 3795 1474 3848 Corr.

318 3879 344 3933 ii.
359 3880 384 3949 3)
399 3896 454 3932 was
466 3879 526 3934 tbat
540 3879 587 3932 fire
602 3880 623 3932 is
635 3879 685 3932 hot
697 3879 751 3932 aud
763 3879 822 3948 dry,
835 3880 876 3933 air
893 3879 942 3932 hot
960 3878 1014 3932 aud
1032 3879 1122 3946 moist,
1135 3884 1222 3932 water
1234 3878 1297 3932 eold
1313 3878 1368 3931 and
1382 3879 1474 3944 mois,

316 3963 394 4016 earth
416 3962 478 4016 cold
499 3963 552 4016 and
574 3963 634 4032 dry.
673 3963 698 4015 lt
721 3963 857 4032 required,
879 3963 1028 4030 therefore,
1049 3969 1079 4014 to
1101 3961 1136 4016 be
1157 3961 1299 4031 explained
1321 3961 1385 4030 why
1407 3962 1474 4015 ‘the

316 4045 418 4099 middle
442 4047 536 4112 region
561 4045 593 4100 of
614 4047 662 4100 the
686 4046 741 4102 alr'
762 4046 783 4100 is
808 4047 870 4100 cold
890 4046 945 4099 and
966 4045 1028 4115 why
1050 4045 1278 4099 ‘subterraneous
1297 4045 1404 4112 places'
1424 4061 1472 4100 are

316 4143 409 4195 warm,
422 4128 489 4181 both
502 4130 675 4197 phenomena
686 4129 769 4197 being
783 4137 913 4200 contrary
926 4135 956 4184 to
969 4130 1043 4184 what
1062 4129 1149 4197 might
1161 4129 1229 4182 have
1241 4129 1312 4181 been
1324 4131 1471 4196 expected

317 4210 442 4264 Telesius
465 4212 567 4283 (whom
589 4213 681 4266 Bacon
703 4229 733 4268 so
756 4214 913 4284 frequently
933 4211 1050 4282 follows)
1071 4213 1191 4282 adopted
1212 4227 1243 4265 so
1264 4211 1346 4264 much
1367 4211 1401 4264 of
1421 4213 1471 4267 the

316 4294 483 4363 Peripatetic
503 4295 611 4366 theory,
631 4313 659 4351 as
679 4304 710 4351 to
734 4298 815 4352 make
839 4298 886 4351 the
910 4297 1027 4351 heavens
1051 4297 1101 4350 the
1121 4295 1251 4365 principal
1271 4301 1329 4349 seat
1350 4293 1384 4349 of
1405 4296 1471 4350 beat

316 4377 370 4432 and
388 4379 435 4431 the
454 4379 532 4432 earth
553 4379 586 4433 ol
603 4381 674 4435 eold.
712 4384 763 4436 See
784 4382 832 4435 the
852 4387 971 4435 account
992 4379 1024 4433 of
1040 4379 1175 4434 Telesius'
1193 4378 1353 4449 philosophy
1372 4380 1400 4432 in
1422 4381 1469 4433 tbe

317 4460 361 4512 De
383 4461 525 4530 Principiis
546 4470 630 4532 atque
652 4465 808 4532 Originibus
825 4465 862 4536 (p.
876 4485 919 4533 94,
932 4464 1004 4533 feo),
1018 4464 1071 4517 and
1088 4479 1132 4532 cp.
1148 4462 1279 4530 Telesius,
1294 4463 1338 4515 De
1360 4462 1466 4517 Rerum

315 4539 429 4607 Natura,
442 4542 488 4594 lib.
503 4543 519 4596 i.
532 4559 610 4613 capp.
626 4563 685 4611 1-3·
