3306 5102
650 462 730 518 LJB.
753 461 796 520 II.
820 472 872 532 24.
1270 474 1335 542 413

185 619 217 683 in
241 629 358 686 natura
375 621 532 705 inquisita
552 622 722 703 albedinis,
737 625 944 707 propositum
968 633 1018 689 est
1038 624 1108 707 jam
1132 627 1334 710 exemplum.

185 726 352 790 Instantia
374 736 487 790 autem
511 729 660 808 migrans
681 729 724 791 ad
748 729 990 810 corruptionem
1018 730 1050 792 in
1078 731 1194 794 eadem
1218 741 1335 795 natura

185 830 354 905 albedinis
372 840 423 894 est
438 853 557 914 spuma
573 831 742 909 dissoluta,
758 842 816 895 aut
832 834 890 895 nix
906 833 1076 898 dissoluta.
1122 835 1228 898 Exuit
1246 835 1334 897 enim

185 934 373 998 albedinem
395 944 428 998 et
451 936 557 999 induit
579 934 782 1018 diaphanum
804 956 899 1017 aqua,
915 946 1091 1019 postquam
1115 938 1152 1001 fit
1176 938 1336 1022 integrale

184 1038 254 1101 sine
269 1045 352 1102 ae're.

230 1143 349 1223 Neque
363 1162 441 1205 vero
456 1142 535 1204 illud
553 1142 620 1206 ullo
637 1144 737 1208 modo
749 1141 1077 1226 praetermittendum
1095 1155 1152 1224 est,
1168 1147 1258 1228 quod
1274 1146 1335 1210 sub

185 1243 363 1307 Instantiis
380 1245 608 1326 Migrantibns
623 1245 857 1328 comprehendi
874 1246 1018 1309 debeant
1033 1267 1098 1309 non
1114 1257 1243 1312 tantum
1261 1248 1336 1313 illae

187 1367 272 1428 quae
299 1349 447 1429 migrant
467 1351 510 1412 ad
533 1350 779 1431 generationem
804 1358 836 1412 et
859 1349 1075 1431 privationem
1087 1349 1122 1428 ⁴⁰,
1148 1353 1206 1415 sed
1235 1353 1335 1416 etiam

187 1450 263 1513 illae
286 1472 371 1533 quae
394 1453 536 1534 migrant
557 1454 600 1516 ad
625 1453 873 1534 majorationem
897 1463 930 1517 et
958 1453 1229 1533 minorationem3
1260 1475 1335 1518 cum

187 1553 262 1617 illae
285 1556 384 1617 etiam
408 1558 546 1619 tendant
568 1557 610 1620 ad
634 1557 865 1619 inveniendam
891 1557 1041 1632 sormam,
1069 1566 1105 1621 ut
1135 1579 1194 1640 per
1223 1557 1338 1620 defini-

188 1658 313 1722 tionem
329 1659 453 1722 iormae
469 1661 617 1741 superius
633 1660 755 1723 factam
771 1669 804 1724 et
821 1659 964 1723 tabulam
976 1660 1147 1741 graduum
1164 1662 1338 1725 manifesto

188 1761 301 1844 liquet.
348 1763 465 1846 Itaque
491 1785 645 1847 papyrus,
670 1785 756 1846 quae
783 1763 868 1828 sicca
895 1784 970 1826 cum
997 1765 1094 1829 suerit
1121 1766 1197 1828 alba
1221 1775 1279 1842 est,
1302 1775 1338 1830 at

190 1867 375 1931 madefacta
398 1864 549 1954 (excluso
571 1875 646 1931 ae're
671 1879 704 1932 et
727 1877 858 1948 recepta
880 1864 982 1952 aqua)
1006 1871 1113 1932 minus
1132 1869 1208 1931 alba
1231 1878 1281 1932 est
1304 1878 1338 1932 et

191 1970 295 2052 magis
323 1972 428 2053 vergit
458 1973 500 2034 ad
531 1971 743 2052 diaphanum‚
768 1969 908 2034 similem
939 1969 1040 2035 habet
1071 1973 1231 2036 rationem
1263 1991 1337 2034 cum

191 2071 354 2136 instantiis
372 2074 577 2155 supradictis,

701 2276 831 2340 XXIV.

235 2398 326 2464 Inter
348 2399 593 2481 praerogativas
617 2399 855 2477 instantiarum,
880 2398 978 2463 tertio
1002 2400 1074 2464 loco
1097 2422 1259 2483 ponemus
1281 2401 1339 2464 ln-

190 2505 330 2566 stantias
362 2503 559 2582 Ostensivas,
589 2505 632 2568 de
665 2504 784 2586 quibus
816 2505 849 2567 in
880 2503 1130 2567 vindemiatione
1155 2505 1270 2586 prima
1301 2504 1341 2567 de

194 2605 306 2671 Calido
330 2609 531 2671 mentionem
551 2607 708 2686 fecimus3
737 2629 819 2690 quas
842 2608 942 2671 etiam
965 2608 1248 2686 Elucesceritz'as⁴⁷,
1270 2609 1340 2671 sive

190 2709 374 2775 Instantius
384 2713 559 2776 Liberatus
568 2722 601 2775 et
610 2711 910 2784 Praedominantns‚
922 2712 1090 2793 appellare
1101 2714 1339 2776 consuevimus

193 2813 263 2878 Eae
278 2825 363 2893 sunt,
379 2837 464 2898 quae
479 2818 660 2880 ostendunt
676 2826 826 2880 naturam
848 2816 1038 2897 inquisitam
1062 2817 1185 2878 nudam
1209 2826 1242 2878 et
1263 2815 1339 2878 sub-

191 2920 379 2998 stantivam,
393 2930 495 3002 atque
514 2922 614 2984 etiam
638 2922 670 2982 in
694 2920 898 2984 exaltatione
921 2940 980 2981 sua
1002 2929 1059 2982 aut
1081 2941 1211 2982 summo
1234 2919 1339 3001 gradu

192 3025 359 3104 potentiae
375 3045 473 3102 suae3
497 3025 739 3107 emancipatam
756 3025 887 3100 scilicet,
903 3032 935 3086 et
952 3023 1124 3087 liberatam
1140 3023 1182 3086 ab
1200 3024 1339 3105 impedi-

192 3127 320 3205 mentis,
336 3126 388 3190 vel
407 3127 524 3190 saltem
541 3147 600 3210 per
618 3127 843 3191 fortitudinem
867 3148 945 3190 suae
965 3126 1093 3189 virtutis
1112 3128 1340 3190 dominantem

191 3251 289 3312 super
312 3232 391 3313 ipsa,
415 3252 519 3312 eaque
541 3231 801 3312 supprimentem
825 3240 859 3294 et
881 3240 1096 3294 coercentem.
1143 3229 1228 3293 Cum
1252 3231 1340 3293 enim

191 3355 289 3396 omne
304 3355 422 3416 corpus
437 3334 593 3415 suscipiat
609 3333 731 3397 multas
746 3342 935 3397 naturarum
952 3332 1072 3396 formas
1088 3332 1290 3415 copulatas48
1307 3341 1341 3397 et

225 3567 248 3599 ⁴⁸
268 3568 279 3620 l
294 3569 362 3624 have
376 3571 469 3624 drawn
482 3572 617 3624 attention
637 3571 723 3624 above
737 3569 775 3639 (n.
791 3570 835 3640 38)
849 3578 879 3624 to
897 3571 945 3625 the
964 3573 1202 3640 correspondente
1215 3572 1341 3625 between

190 3651 246 3705 this
269 3653 478 3720 ‘Prerogative'
504 3655 558 3708 aud
582 3655 631 3708 the
655 3655 774 3707 Method
798 3653 830 3708 of
853 3655 1049 3709 Concomitant
1070 3654 1232 3707 Variations.
1278 3654 1342 3720 But,

189 3737 295 3804 strictly
312 3737 450 3805 speaking,
468 3755 501 3791 an
521 3739 644 3791 instance
663 3737 752 3789 which
772 3737 888 3789 ‘travels
910 3744 941 3789 to
957 3738 1117 3803 generation
1137 3753 1170 3789 or
1188 3736 1342 3804 privation‚’

190 3824 219 3872 at
231 3818 298 3872 least
312 3827 340 3872 at
353 3819 401 3872 the
415 3823 519 3889 precise
532 3826 657 3874 moment
670 3821 748 3873 when
764 3821 785 3872 lt
798 3819 914 3887 actually
927 3821 1027 3872 attains
1039 3825 1070 3871 to
1083 3821 1171 3872 either
1183 3820 1231 3872 the
1243 3836 1297 3871 one
1310 3836 1343 3873 or

190 3901 238 3954 the
262 3901 343 3955 other
365 3901 436 3970 (that
457 3905 487 3970 is,
509 3905 589 3958 when
613 3903 662 3955 the
684 3903 886 3970 phenomenon,
908 3908 958 3954 not
983 3902 1080 3968 having
1104 3903 1210 3954 existed
1237 3901 1343 3968 before,

190 3985 211 4038 is
224 3986 374 4054 produced,
388 4003 429 4054 or,
442 3987 540 4053 having
552 3986 658 4040 existed
673 3985 778 4050 before,
792 3984 937 4052 vanlshes),
952 3984 1012 4037 falls
1031 3984 1120 4036 under
1135 3985 1182 4037 the
1200 3984 1280 4050 head,
1293 3992 1343 4038 not

190 4067 222 4121 of
240 4069 288 4122 the
310 4069 430 4122 Method
450 4069 482 4123 of
502 4069 698 4123 Concomitant
718 4069 882 4132 VariationS,
901 4067 951 4120 but
971 4066 1003 4120 of
1020 4066 1068 4119 the
1089 4067 1207 4120 Method
1229 4067 1261 4120 of
1280 4067 1343 4120 Dis·

189 4150 310 4206 ierence.
348 4153 393 4204 On
411 4153 458 4206 the
475 4153 548 4206 close
568 4153 684 4206 relation
703 4151 736 4204 of
749 4151 827 4204 these
843 4158 900 4204 two
917 4150 1044 4204 methods
1060 4157 1090 4203 to
1107 4150 1175 4203 each
1192 4152 1281 4218 other,
1298 4168 1344 4206 see

190 4251 237 4303 my
260 4235 404 4289 lnductive
428 4236 524 4304 Logic,
543 4237 632 4290 under
655 4236 703 4289 the
728 4235 798 4289 head
822 4234 855 4289 of
875 4234 923 4288 the
949 4233 1068 4288 Method
1092 4233 1126 4286 of
1147 4234 1344 4288 Concomitant

190 4318 355 4372 Variations.

224 4397 245 4432 ⁴⁷
266 4402 365 4455 Hence
386 4402 434 4455 the
453 4418 582 4456 common
603 4419 683 4457 narne
705 4401 749 4457 lor
769 4402 848 4456 these
868 4402 1013 4468 instances,
1033 4401 1163 4467 ‘Glarlng
1184 4401 1343 4455 instances.'

190 4485 240 4551 Cp.
256 4486 326 4551 Aph.
342 4503 374 4537 20
388 4487 421 4539 ad
436 4487 495 4540 init.

225 4565 246 4598 ⁴⁵
265 4567 317 4636 Cp.
332 4569 401 4637 Aph.
420 4585 460 4636 17,
474 4567 528 4622 and
540 4584 587 4624 see
600 4585 646 4638 my
659 4575 725 4623 note
738 4584 811 4638 upon
824 4567 871 4622 the
884 4566 1051 4636 expression,
1065 4583 1094 4620 as
1107 4567 1127 4620 it
1140 4583 1239 4622 occurs
1256 4565 1344 4624 there.
