3220 5102
625 447 704 504 ΜΒ.
727 447 770 506 ΙΙ.
792 437 844 525 3⁶·
1246 448 1311 522 473

203 605 253 695 (6)
276 606 444 683 Similiter,
468 605 510 670 sit
534 617 650 673 natura
675 609 831 692 inquisita
858 611 972 675 Motus
996 609 1181 687 Missilium,
1208 609 1311 673 veluti

161 712 369 795 spiculorum,
381 712 585 792 sagittarum,
600 713 816 794 globulorum,
829 735 887 797 per
900 722 1020 778 a'e'rem.
1066 714 1167 776 Hunc
1184 722 1312 775 motum

162 815 286 880 Schola
301 811 407 899 (more
427 812 502 898 suo)
517 814 615 880 valde
636 817 840 900 negligenter
855 819 1013 900 expedit3
1036 819 1115 880 satis
1136 816 1269 893 habens,
1285 814 1312 877 si

162 933 238 982 eum
262 919 396 981 nomine
415 928 525 982 motus
539 920 673 985 violenti
693 941 713 985 a
734 921 893 985 naturali⁹
909 920 1023 1006 (quem
1038 918 1177 1005 vocant)
1197 919 1314 982 distin·

160 1031 261 1104 guat;
282 1030 315 1085 et
330 1021 420 1102 quod
436 1022 479 1083 ad
495 1024 636 1104 primam
657 1027 900 1106 percussionem
921 1027 990 1088 sive
1013 1024 1243 1105 impulsionem
1262 1031 1313 1085 at-

162 1126 255 1201 tinet,
270 1144 329 1205 per
344 1123 433 1200 illu'd,
449 1119 550 1209 (quod
563 1126 627 1190 duo
645 1138 778 1210 corpora
799 1149 861 1191 non
876 1129 1004 1209 possint
1017 1147 1083 1190 esse
1102 1129 1138 1190 in
1156 1147 1219 1190 uno
1241 1125 1311 1201 loco,

163 1247 202 1290 ne
211 1226 283 1308 fiat
287 1228 468 1307 penetratio
482 1227 743 1314 dimensionum)
755 1231 817 1294 sibi
832 1231 1028 1303 satisfaciam
1052 1239 1086 1293 et
1101 1231 1144 1293 de
1158 1249 1311 1311 processu

165 1331 357 1394 continuato
380 1331 473 1394 istius
496 1342 606 1396 motus
629 1333 708 1396 nihil
731 1344 830 1399 curet.
875 1332 925 1398 At
948 1333 1032 1397 circa
1053 1331 1138 1396 hanc
1160 1342 1311 1395 naturam

164 1433 288 1495 bivium
311 1442 361 1496 est
384 1433 469 1498 tale:
493 1445 550 1498 aut
570 1437 633 1500 iste
656 1446 765 1500 motus
785 1437 824 1500 fit
846 1437 888 1500 ab
910 1442 985 1500 aere
1006 1435 1148 1500 vehente
1170 1447 1203 1499 et
1226 1455 1313 1516 pone

165 1556 283 1618 corpus
303 1538 459 1600 emissum
482 1559 518 1603 se
540 1539 725 1622 colligente,
741 1541 844 1604 instar
863 1539 952 1603 fluvii
975 1557 1053 1621 erga
1075 1538 1233 1621 scapham
1256 1546 1314 1601 aut

163 1643 253 1706 venti
269 1661 347 1723 erga
361 1643 494 1724 paleas3
517 1653 576 1706 aut
589 1665 609 1706 a
625 1645 771 1726 partibus
794 1645 895 1727 ipsius
911 1644 1055 1726 corporis
1071 1663 1136 1706 non
1152 1643 1314 1705 sustinen-

165 1745 253 1808 tibus
269 1746 526 1828 impressionem,
535 1747 593 1811 sed
606 1747 649 1809 ad
662 1747 802 1810 eandem
815 1746 994 1810 laxandam
1007 1767 1064 1828 per
1076 1747 1315 1810 successionem

165 1869 202 1912 se
213 1850 491 1932 promoventibus.
532 1849 649 1932 Atque
657 1851 799 1931 priorem
815 1849 908 1912 illurn
925 1851 1039 1930 recipit
1050 1845 1314 1926 Fracastorius¹⁰,

167 1960 201 2015 et
223 1952 289 2016 sere
310 1972 427 2016 omnes
446 1953 503 2034 qui
523 1953 567 2016 de
581 1952 645 2018 hoc
662 1962 754 2016 motu
768 1952 868 2036 paulo
886 1952 1036 2016 subtilius
1055 1953 1311 2035 inquisiverunt:

165 2130 308 2195 absorbed,
328 2147 361 2183 or
379 2131 506 2200 disposed
526 2131 603 2185 ofin
623 2132 658 2185 all
677 2149 710 2186 or
729 2148 806 2186 some
826 2131 858 2186 oi
874 2132 952 2185 these
973 2148 1055 2201 ways,
1075 2149 1138 2199 was,
1157 2132 1190 2185 of
1208 2148 1315 2199 course,

167 2213 304 2267 unknown
317 2219 348 2268 to
361 2214 465 2268 Bacon.

202 2295 213 2327 ⁹
232 2299 283 2350 See
296 2306 375 2350 notes
387 2313 423 2350 on
436 2297 454 2352 i.
467 2300 510 2366 66,
523 2298 551 2352 ii.
567 2303 609 2364 35.

202 2377 224 2410 ¹⁰
243 2381 287 2434 De
307 2382 464 2450 sympathia
482 2387 512 2436 et
529 2381 697 2450 Antipathia,
713 2397 770 2450 cap.
786 2397 819 2447 4:
836 2381 985 2450 ‘Projecta
1002 2397 1113 2451 quoque
1132 2394 1182 2450 per
1199 2381 1316 2436 eandem

167 2463 379 2517 rarefactionem
396 2471 425 2517 et
444 2466 687 2519 condensationem
705 2470 852 2534 portantur
870 2481 918 2532 per
937 2479 1037 2532 aerem,
1055 2466 1178 2533 partibus
1196 2465 1317 2533 quidem,

168 2563 238 2615 quae
257 2553 321 2600 ante
339 2554 412 2614 sunt,
431 2550 502 2601 viam
518 2549 723 2617 quodammodo
741 2547 933 2616 aperientibus,
952 2555 981 2601 et
999 2549 1212 2616 propellentibus
1231 2548 1317 2601 unda-

167 2631 282 2696 tionem,
296 2631 328 2682 iis
346 2647 420 2698 vero,
433 2647 504 2700 quae
522 2632 596 2685 circa
615 2637 644 2686 et
656 2647 672 2685 a
684 2639 772 2698 tergo,
791 2632 941 2684 successive
959 2631 1113 2684 addensatis
1128 2639 1158 2685 et
1175 2631 1318 2684 rarefactls

167 2729 222 2767 una
239 2719 301 2782 post
320 2715 407 2780 aliam,
426 2722 456 2768 et
474 2716 630 2783 projectum
648 2715 811 2768 vehentibus
831 2730 886 2768 non
907 2715 985 2769 aliter
1007 2731 1038 2767 ac
1058 2728 1109 2782 per
1127 2715 1245 2782 undam‚’
1265 2715 1316 2768 &e

170 2797 218 2850 He
236 2798 302 2851 then
321 2803 452 2866 attempts
470 2804 501 2852 to
519 2805 637 2852 account
650 2798 694 2853 ior
710 2798 758 2852 the
775 2799 881 2851 motion
897 2799 979 2864 being
997 2800 1064 2852 slow
1078 2803 1107 2850 at
1123 2797 1191 2866 first,
1203 2799 1318 2868 quicker

169 2880 337 2946 afterwards,
351 2881 404 2934 and
417 2882 569 2952 ultimately
581 2881 689 2949 ceasing
701 2883 863 2949 altogether.

207 2963 264 3016 Mr.
285 2963 350 3016 Ellis
373 2964 467 3031 refers,
489 2964 533 3019 ior
556 2965 657 3018 similar
681 2966 876 3033 explanations,
896 2971 927 3017 to
951 2963 1054 3017 Plato's
1075 2963 1216 3030 Timaeus,
1236 2981 1263 3033 p.
1284 2968 1318 3016 80

173 3045 257 3117 (Add.
271 3063 297 3115 p.
311 3046 367 3116 79),
381 3048 434 3101 and
452 3054 482 3101 to
500 3049 637 3114 Plutarch,
655 3049 769 3117 Qaest.
787 3047 894 3102 Platon.
912 3047 1049 3117 (Reiske's
1068 3047 1207 3114 Plutarch,
1225 3049 1278 3101 vol.
1291 3063 1317 3101 τι.

171 3147 198 3199 p.
214 3144 272 3196 177,
285 3128 358 3196 acl.
396 3130 437 3183 Of
451 3131 610 3201 projectiles
627 3133 675 3186 the
694 3133 786 3200 latter,
799 3131 961 3200 developing
976 3132 1024 3184 the
1042 3131 1166 3184 Platonic
1184 3133 1319 3198 doctrine,

171 3227 250 3282 says:
276 3213 309 3267 τὰ
328 3214 358 3267 δι’
376 3213 532 3284 ῥιπτούμενα
551 3217 620 3285 βάρη
641 3216 686 3269 τὸν
709 3214 772 3285 ἆέρο
796 3215 880 3286 σχίζει
903 3216 969 3283 μετὰ
992 3217 1093 3286 πληγῆς
1109 3215 1260 3280 ἐκπεσόντα,
1280 3216 1320 3268 καὶ

171 3293 312 3364 tito-ryme.
351 3297 406 3350 ὀδὲ
418 3297 560 3369 πιριρῤέιυν
577 3298 671 3366 ὀπίσω,
689 3299 725 3370 τῷ
743 3297 829 3369 φύσιν
844 3299 914 3370 ἔχειν
929 3298 968 3352 ἀεὶ
984 3299 1030 3366 τὴν
1046 3298 1219 3369 ἐρημουμένην
1234 3300 1322 3368 χώραν

171 3379 271 3434 διώκειν
290 3380 332 3434 καὶ
354 3380 524 3451 ἀναπληροῦν,
548 3382 684 3438 συνέπεται
704 3383 741 3454 τῷ
762 3383 900 3454 ἀφιεμένῳ,
919 3383 1083 3451 τὴνκίνησιν
1103 3381 1321 3452 συνεπιταχύνων.

173 3463 221 3516 He
233 3465 306 3529 gives
318 3479 335 3517 a
346 3463 447 3518 similar
459 3470 576 3518 account
588 3465 620 3519 of
629 3465 771 3534 lightning,
781 3467 899 3536 cupping
911 3467 1018 3534 glasees,
1028 3465 1138 3534 sounds,
1147 3467 1321 3533 swallowing,

172 3545 227 3599 and
238 3547 340 3600 several
353 3547 435 3600 other
446 3548 628 3616 phenornena.

208 3629 340 3682 Aristotle
359 3629 416 3683 also
435 3631 546 3697 regards
563 3632 612 3684 the
630 3631 737 3684 motion
755 3631 789 3685 oi
803 3633 975 3701 aprojectile
994 3647 1023 3684 as
1041 3630 1208 3684 maintained
1226 3629 1263 3695 by
1274 3629 1323 3681 the

172 3713 221 3765 air.
267 3714 318 3766 See
337 3712 458 3782 Physics,
478 3714 513 3766 iv.
532 3719 546 3766 a
568 3713 606 3782 (p.
627 3731 676 3779 τις
697 3713 734 3781 a),
753 3715 807 3767 viii.
825 3733 857 3767 10
877 3715 933 3783 (pp.
954 3717 1004 3766 266
1023 3715 1050 3780 b,
1072 3716 1121 3777 267
1142 3712 1178 3781 a).
1223 3711 1255 3764 ln
1275 3712 1323 3765 th‘e

174 3794 279 3850 former
295 3810 415 3864 passage,
428 3797 464 3850 he
477 3811 553 3864 says:
573 3797 611 3849 ἔτι
628 3800 672 3849 νῦν
688 3797 736 3865 μὲν
752 3799 855 3850 κινεῖται
872 3798 904 3850 τὰ
919 3795 1076 3867 ῥιπτούμενα
1088 3799 1135 3848 τοῦ
1147 3793 1263 3850 ὕσαντος
1275 3795 1324 3865 οὐχ

172 3879 326 3948 ἁπτομένου,
345 3878 360 3947 h
374 3878 406 3932 δι’
420 3879 638 3949 ἀντιπερίστασιν,
651 3880 741 3949 ὥσπερ
753 3879 817 3931 ἔνιοί
827 3883 920 3950 φασιν,
933 3879 948 3946 ἢ
961 3878 1003 3931 διὰ
1019 3880 1049 3932 τὸ
1068 3879 1142 3933 ὠθεῖν
1153 3881 1198 3932 τὸν
1210 3878 1327 3932 ὦσθέντο

173 3961 236 4032 ἆέρο
253 3962 338 4016 θάττω
358 3961 457 4030 κίνησιν
475 3963 521 4030 τῆς
535 3966 582 4016 τοῦ
599 3959 729 4016 autimi
745 3960 839 4031 φορᾶς,
851 3961 882 4028 ἦν
897 3961 1005 4031 φέρεται
1021 3961 1057 4016 eis
1070 3963 1115 4015 τὸν
1127 3961 1219 4015 οἷκιῖον
1234 3963 1322 4016 τόπον.

174 4044 238 4098 The
256 4045 340 4098 latter
357 4059 476 4114 passage,
489 4046 578 4099 which
591 4045 613 4098 is
625 4045 667 4098 far
680 4045 729 4098 the
745 4059 825 4098 more
842 4045 989 4112 elaborate,
1002 4045 1024 4097 is
1040 4052 1089 4098 too
1105 4046 1170 4112 long
1186 4051 1217 4098 to
1230 4052 1325 4114 quote.

175 4129 221 4182 On
239 4128 288 4182 the
306 4128 419 4196 tormer,
436 4129 492 4183 Mr.
506 4128 603 4183 Lewes
622 4133 777 4182 comments
795 4127 822 4181 in
841 4128 883 4182 his
901 4128 978 4182 work
997 4144 1034 4181 on
1053 4129 1192 4195 Aristotle,
1205 4143 1250 4198 pp.
1266 4145 1325 4194 ττι,

178 4229 188 4264 r
195 4227 237 4277 33.

211 4295 258 4348 To
270 4295 390 4349 criticise
403 4295 457 4349 this
473 4295 527 4349 and
544 4295 647 4350 similar
663 4296 784 4350 theorles
800 4294 832 4350 oi
846 4295 952 4349 motion
966 4295 1056 4348 would
1072 4295 1107 4348 be
1124 4295 1226 4363 unduly
1238 4301 1269 4348 to
1280 4301 1328 4348 tax

174 4380 223 4432 the
241 4380 368 4447 patience
387 4378 420 4432 of
434 4379 482 4432 the
500 4380 606 4434 reader.
643 4380 737 4434 These
755 4395 821 4448 very
837 4379 906 4433 dark
924 4379 1014 4447 places
1033 4379 1065 4431 oi
1079 4380 1128 4432 the
1147 4380 1256 4434 ancient
1275 4379 1328 4432 and

175 4462 331 4600 paediamfvlrpl1
343 4462 450 4531 physics
467 4479 515 4517 are
534 4469 562 4516 at
578 4479 650 4518 once
670 4464 840 4518 illuminated
857 4463 894 4533 by
913 4463 961 4515 the
979 4463 1126 4532 simplicity
1142 4462 1174 4517 oi
1188 4463 1236 4517 the
1255 4463 1328 4516 First

219 4561 274 4600 wo
333 4546 421 4600 otion.
