3308 5106
309 441 372 524 156
615 447 823 504 EPISTOLA
847 448 1151 506 DEDICATORIA.

306 621 409 685 affero
429 619 472 683 sit
491 615 580 694 boni,
595 615 629 678 id
652 614 834 680 immensae
852 615 1092 679 misericordiae
1112 624 1146 679 et
1169 613 1311 680 bonitati
1330 615 1460 680 divinae

306 734 342 789 et
356 721 525 788 foelicitati
540 730 728 802 temporum
744 728 877 783 tuorum
891 719 1072 783 tribuatur:
1096 719 1147 783 cui
1162 729 1197 783 et
1211 721 1305 783 vivus
1320 721 1461 802 integer·

307 828 390 890 rimo
417 825 538 890 aflectu
565 821 692 900 servivi,
714 831 750 885 et
776 831 926 886 mortuus
952 822 1090 886 sortasse
1116 823 1149 887 id
1176 821 1323 901 effecero,
1345 832 1383 886 ut
1405 823 1462 886 illa

306 928 500 1012 posteritati,
528 945 614 989 nova
645 923 708 988 hac
738 945 877 989 accensa
898 923 970 989 sace
1000 925 1033 988 in
1058 924 1287 1009 philosophiae
1309 927 1461 1004 tenebris,

306 1033 494 1116 praelucere
516 1028 651 1112 possint.
698 1027 819 1090 Merito
842 1037 954 1092 autem
978 1029 1182 1111 temporibus
1204 1029 1290 1111 regis
1311 1031 1460 1094 omnium

305 1133 538 1218 sapientissimi
569 1141 604 1196 et
633 1131 815 1196 doctissimi
846 1131 1068 1216 Regeneratio
1101 1133 1163 1196 ista
1195 1144 1230 1197 et
1262 1133 1460 1199 instauratio

305 1241 517 1304 scientiarum
549 1236 698 1300 debetur.
754 1233 913 1317 Superest
943 1235 1069 1316 petitio,
1100 1235 1277 1318 Majestate
1305 1247 1363 1302 tua
1394 1259 1460 1302 non

306 1344 450 1425 indigna,
471 1350 505 1404 et
528 1339 675 1404 maxime
696 1337 846 1400 omnium
869 1337 992 1401 iaciens
1015 1339 1059 1402 ad
1081 1339 1114 1402 id
1132 1341 1223 1421 quod
1245 1341 1363 1423 agitur.
1409 1341 1460 1406 Ea

304 1457 364 1526 est,
391 1457 427 1511 ut
452 1446 588 1529 quando
616 1441 832 1506 Salomonem
864 1442 897 1505 in
928 1441 1079 1524 plurimis
1109 1443 1237 1522 reseras,
1260 1443 1458 1526 judiciorum

303 1553 475 1636 gravitate,
499 1569 600 1632 regno
624 1545 771 1630 pacifico,
795 1546 905 1610 cordis
925 1547 1110 1627 latitudine,
1133 1547 1291 1612 librorum
1316 1550 1459 1633 denique

304 1677 389 1740 quos
418 1651 633 1736 composuisti
667 1649 769 1713 nobili
801 1649 969 1727 varietate,
997 1637 1099 1714 etlam
1134 1650 1197 1716 hoc
1232 1654 1275 1716 ad
1310 1653 1458 1735 ejusdem

305 1760 391 1840 regis
424 1753 618 1836 exemplum
648 1752 763 1828 addas,
791 1760 828 1815 ut
860 1771 953 1816 cures
984 1753 1166 1816 Historiam
1198 1755 1393 1820 Naturalem
1424 1767 1459 1821 et

306 1857 624 1944 Experimentalem‚
661 1875 773 1918 veram
812 1864 845 1918 et
885 1875 1033 1920 severam
1071 1853 1193 1942 (missis
1230 1858 1458 1944 philologieis),

302 1974 339 2029 et
369 1984 455 2046 quae
485 1962 529 2024 sit
558 1960 591 2022 in
623 1958 739 2022 ordine
771 1958 816 2021 ad
847 1959 1057 2022 condendam
1090 1959 1342 2044 philosophiam,
1365 1964 1458 2027 deni-

303 2088 371 2151 que
399 2064 532 2148 qualem
562 2083 623 2126 suo
655 2061 729 2125 loco
763 2061 995 2140 describemus,
1024 2063 1156 2145 congeri
1187 2074 1220 2129 et
1250 2065 1382 2149 perfici:
1421 2079 1457 2132 ut

304 2170 440 2235 tandem
462 2178 538 2252 post
560 2176 611 2231 tot
635 2165 750 2229 mundi
772 2174 899 2229 aetates
922 2165 1133 2250 philosophia
1153 2177 1189 2233 et
1209 2170 1368 2234 scientiae
1390 2191 1455 2234 non

303 2275 370 2338 sint
402 2271 544 2355 amplius
577 2267 718 2352 pensiles
754 2279 789 2333 et
825 2276 951 2347 aereae,
985 2271 1045 2334 sed
1082 2270 1197 2334 solidis
1233 2274 1456 2355 experientiae

390 2375 598 2458 omnigenae,
634 2371 851 2454 ejusdemque
886 2373 971 2436 bene
1003 2374 1195 2455 pensitatae,
1226 2377 1372 2441 nitantur

434 2477 667 2544 fundamentis.
712 2476 877 2558 Equidem
901 2476 1072 2560 Organum
1095 2479 1250 2561 praebui;
1272 2501 1328 2544 ve·

491 2601 564 2645 rum
588 2580 741 2644 materies
767 2600 788 2643 a
813 2580 911 2643 rebus
937 2581 1016 2662 ipsis
1042 2584 1187 2664 petenda
1209 2593 1269 2647 est.

578 2684 672 2747 Deus
704 2682 785 2766 Opt.
819 2683 913 2746 Max.
960 2684 1173 2766 Majestatem

671 2797 764 2852 tuam
786 2787 843 2852 diu
869 2797 976 2852 servet
1000 2789 1088 2853 inco-

815 2891 950 2956 lumem.

606 3387 841 3453 Serenissimae
860 3385 1036 3469 Mm'estati
1055 3395 1129 3450 tuae

779 3526 904 3591 Servus
923 3523 1196 3601 devinctissime

1111 3672 1146 3729 ct

1024 3801 1260 3879 devotissimus,

875 3987 1179 4055 FRANCISCUS
1202 3988 1452 4068 VERULAM,

1011 4126 1314 4193 circumimus.
