3324 5110
614 453 696 508 LIB.
717 452 745 508 I.
768 458 907 528 91—92.
1272 457 1333 526 291

228 617 348 703 Itaque
369 617 397 682 si
420 615 493 700 quis
516 614 642 700 majora
662 616 775 682 credat
797 623 856 680 aut
877 613 1050 696 spondeat,
1065 611 1099 677 id
1122 621 1241 696 putant
1264 631 1336 680 esse

184 722 357 805 cujusdam
389 721 579 804 impotentis
610 729 644 783 et
674 720 841 784 immaturi
865 718 989 798 animi,
1020 727 1122 800 atque
1148 717 1336 802 hujusmodi

183 836 324 890 conatus
350 826 444 890 initia
473 823 598 889 scilicet
625 824 721 901 laeta,
749 825 860 888 media
883 823 995 899 ardua,
1018 833 1173 888 extrema
1201 823 1338 888 confusa

183 929 315 996 habere.
359 928 476 1011 Atque
491 949 565 992 cum
582 928 772 1010 hujusmodi
795 929 1011 1010 cogitationes
1032 947 1091 990 eae
1110 927 1185 1002 sint,
1202 948 1287 1010 quae
1302 928 1337 990 in

183 1034 271 1098 viros
295 1054 414 1116 graves
440 1043 474 1096 et
494 1032 620 1114 judicio
646 1042 854 1115 praestantes
883 1031 978 1096 facile
999 1033 1130 1108 cadant,
1154 1033 1337 1097 curandum

183 1157 297 1202 revera
327 1147 385 1214 est,
422 1158 464 1200 ne
499 1137 544 1201 rei
583 1138 731 1219 optimae
764 1147 797 1202 et
827 1136 1066 1220 pulcherrimae
1101 1157 1214 1202 amore
1248 1137 1337 1220 capti

183 1243 393 1306 severitatem
405 1239 520 1324 judicii
536 1240 734 1319 relaxemus,
744 1251 802 1305 aut
817 1243 1019 1318 minuamus;
1043 1251 1077 1305 et
1092 1242 1208 1305 sedulo
1221 1242 1335 1306 viden·

184 1345 274 1418 dum,
294 1346 374 1427 quid
394 1345 463 1426 spei
483 1343 650 1426 affulgeat,
667 1353 760 1408 etex
780 1365 845 1427 qua
861 1353 955 1426 parte
975 1365 1011 1408 se
1031 1346 1186 1409 ostendat
1203 1371 1211 1423 ;
1234 1355 1337 1428 atque

184 1449 272 1512 auris
287 1448 464 1513 levioribus
479 1449 549 1531 spei
566 1447 701 1531 rejectis,
717 1468 784 1526 eae,
799 1469 884 1531 quae
900 1447 974 1530 plus
990 1448 1199 1513 firmitudinis
1214 1449 1337 1514 habere

184 1552 345 1631 videntur,
368 1553 503 1616 omnino
534 1551 761 1617 discutiendae
788 1562 864 1616 sunt
894 1561 928 1616 et
955 1553 1183 1634 pensitandae.
1230 1553 1336 1636 Quin-

184 1657 285 1720 etiam
301 1658 476 1739 prudentia
491 1656 593 1720 civilis
609 1657 651 1719 ad
668 1655 840 1720 consilium
856 1655 1004 1720 vocanda
1020 1666 1071 1719 est
1087 1665 1120 1719 et
1135 1655 1336 1737 adhibenda,

184 1781 270 1843 quae
294 1781 338 1824 ex
361 1761 562 1842 praescripto
577 1759 706 1834 diffidit,
724 1769 757 1824 et
780 1760 823 1823 de
845 1760 941 1823 rebus
962 1760 1114 1823 humanis
1136 1760 1169 1822 in
1192 1760 1336 1825 deterius

184 1863 326 1947 conjicit.
373 1865 491 1946 Itaque
502 1861 572 1945 jam
588 1873 622 1928 et
637 1865 679 1927 de
694 1884 754 1946 spe
763 1865 941 1928 dicendum
957 1872 1027 1941 est;
1051 1865 1242 1947 praesertim
1259 1885 1336 1930 cum

183 1985 244 2030 nos
271 1967 483 2048 promissores
509 1987 575 2030 non
599 1966 711 2042 simus,
738 1987 799 2031 nec
825 1967 891 2030 vim
915 1975 971 2032 aut
998 1967 1132 2031 insidias
1161 1967 1335 2032 hominum

178 2069 312 2152 judiciis
334 2069 491 2134 faciamus
514 2079 571 2133 aut
594 2078 767 2145 struamus,
783 2070 842 2134 sed
864 2072 1015 2134 homines
1038 2093 1138 2136 manu
1161 2082 1194 2137 et
1218 2084 1337 2156 sponte

184 2174 354 2238 ducamus.
413 2173 531 2256 Atque
565 2174 642 2237 licet
680 2175 779 2258 longe
813 2177 1079 2257 potentissimum
1116 2175 1262 2239 futurum
1293 2178 1336 2241 sit

185 2278 369 2342 remedium
391 2278 434 2342 ad
454 2298 547 2360 spem
566 2279 829 2359 imprimendam,
845 2279 979 2361 quando
998 2279 1149 2343 homines
1171 2280 1214 2343 ad
1233 2281 1335 2363 parti·

184 2378 315 2458 cularia,
341 2381 534 2463 praesertim
565 2381 598 2443 in
632 2379 752 2444 tabulis
783 2383 901 2445 nostris
931 2381 1118 2445 inveniendi
1148 2382 1277 2465 digesta
1301 2392 1336 2447 et

184 2483 344 2566 disposita
370 2482 469 2570 (quae
493 2484 611 2566 partlm
637 2485 680 2547 ad
707 2483 894 2558 secundam,
926 2486 984 2548 sed
1014 2485 1120 2549 multo
1156 2486 1261 2568 magis
1291 2487 1335 2549 ad

184 2595 336 2669 quartam
358 2583 651 2650 Instauratiom's⁰²
674 2596 805 2652 nostrae
827 2597 957 2670 partem
979 2584 1168 2671 pertinent),
1191 2588 1336 2652 adduce-

185 2711 280 2769 mus;
303 2711 380 2755 cum
400 2689 464 2754 hoc
485 2691 592 2774 ipsum
616 2689 658 2754 sit
681 2711 747 2754 non
770 2711 846 2773 spes
864 2700 1004 2767 tanturn,
1020 2691 1078 2755 sed
1103 2701 1261 2773 tanquam
1285 2713 1336 2754 res

186 2793 278 2876 ipsa:
301 2804 414 2858 tamen
440 2802 477 2857 ut
506 2795 618 2857 omnia
648 2793 842 2860 clementius
872 2794 962 2872 fiant,
986 2795 1191 2878 pergendum
1222 2803 1271 2857 est
1302 2795 1336 2857 in

185 2897 337 2962 instituto
362 2907 474 2961 nostro
501 2898 543 2962 de
567 2897 802 2980 praeparandis
831 2896 1003 2961 hominum
1028 2899 1213 2978 mentibus;
1243 2897 1336 2979 cujus

186 3001 446 3084 praeparationis
468 2999 532 3064 ista
554 3003 699 3064 ostensio
719 3003 788 3084 spei
810 3023 885 3086 pars
908 3011 958 3065 est
982 3022 1047 3065 non
1070 3001 1200 3084 exigua.
1245 3003 1335 3066 Nam

184 3105 311 3188 absque
327 3124 376 3181 ea,
393 3104 518 3186 reliqua
529 3103 653 3168 faciunt
673 3106 779 3189 magis
799 3106 843 3169 ad
859 3106 1143 3170 contristationem
1162 3106 1335 3169 hominum

184 3203 330 3288 (scilicet,
345 3217 382 3272 ut
397 3207 594 3271 deteriorem
611 3216 644 3270 et
657 3207 806 3271 viliorem
821 3207 967 3274 habeant
990 3210 1033 3273 de
1047 3210 1096 3287 iis,
1111 3231 1197 3292 quae
1208 3209 1279 3291 jam
1303 3211 1337 3273 in

184 3330 244 3373 usu
267 3319 352 3388 sunt,
374 3311 573 3393 opinionem,
597 3331 697 3392 quam
717 3331 802 3376 nunc
824 3313 957 3391 habent,
980 3323 1014 3376 et
1037 3334 1116 3376 suae
1138 3313 1337 3377 conditionIs

184 3412 399 3478 infortunium
416 3414 488 3497 plus
506 3414 649 3478 sentiant
665 3424 699 3478 et
714 3412 933 3500 pernoscant),
948 3437 1049 3498 quam
1064 3416 1107 3480 ad
1129 3417 1336 3481 alacritatem

183 3651 231 3705 the
253 3652 399 3720 beginning
421 3653 454 3706 of
471 3653 518 3706 the
539 3653 631 3720 eighth
653 3652 727 3706 book
746 3653 780 3706 of
800 3653 848 3707 the
872 3653 1016 3722 Republic,
1038 3653 1092 3708 and
1113 3652 1158 3706 for
1180 3653 1335 3706 Aristotle's

185 3735 317 3790 criticism
330 3753 366 3790 on
380 3737 410 3804 it,
424 3737 544 3803 Politics,
557 3736 610 3789 viii.
625 3735 673 3805 (v.)
691 3753 731 3790 12.
769 3736 833 3790 The
846 3737 908 3790 idea
923 3736 956 3790 of
972 3737 1061 3806 cycles
1074 3737 1127 3789 and
1140 3735 1173 3789 of
1187 3736 1336 3804 periodical

184 3821 276 3886 crisos,
295 3826 324 3874 at
342 3821 431 3874 which
459 3821 507 3874 the
529 3819 720 3874 accumulated
741 3827 880 3889 property,
902 3821 1065 3886 inventions,
1087 3820 1263 3884 institutions,
1284 3819 1335 3872 dcc.

183 3903 216 3957 of
231 3903 361 3958 mankind
378 3920 425 3958 are
442 3911 529 3972 swept
544 3921 628 3974 away,
641 3903 664 3956 is
679 3910 711 3956 to
723 3903 758 3958 be
770 3902 857 3958 found
875 3904 932 3958 also
949 3904 977 3956 in
996 3903 1044 3956 the
1062 3902 1137 3956 third
1154 3900 1228 3955 boolr
1239 3900 1273 3953 of
1288 3903 1336 3956 the

182 3985 271 4041 Laws.

218 4066 241 4102 ⁸²
259 4069 323 4124 The
334 4070 429 4124 fourth
448 4077 511 4139 part
528 4071 560 4125 of
575 4071 623 4124 the
642 4069 825 4124 lustaumtion
842 4075 944 4122 wasto
962 4067 998 4122 be
1014 4069 1062 4121 the
1076 4069 1152 4121 Scala
1166 4067 1335 4135 Intellectus,

182 4151 230 4206 the
248 4155 351 4208 second
371 4155 401 4219 is,
417 4153 451 4207 of
465 4169 570 4220 course,
586 4154 633 4206 the
650 4152 760 4205 Novum
780 4153 928 4219 organum.
967 4150 1023 4204 For
1042 4150 1158 4204 Bacon's
1170 4151 1335 4218 conception

183 4236 216 4290 of
229 4237 279 4290 the
291 4237 385 4290 fourth
398 4243 467 4306 part,
480 4253 527 4290 see
539 4237 586 4290 the
599 4236 765 4290 Distributio
779 4236 885 4304 Operis,
898 4251 942 4304 pp.
959 4251 1017 4301 174,
1034 4249 1092 4298 175.
1130 4235 1166 4286 At
1178 4233 1226 4287 the
1238 4234 1292 4288 end
1305 4233 1338 4288 of

183 4319 226 4372 his
238 4327 366 4388 account,
378 4320 413 4374 he
430 4336 507 4389 says:
527 4321 640 4390 ‘ltaque
653 4319 808 4389 hujusmodi
824 4319 972 4388 exemplis’
991 4318 1120 4390 (namely‚
1137 4317 1204 4370 such
1222 4333 1250 4370 as
1268 4317 1335 4370 shall

182 4409 295 4472 present
313 4403 361 4457 the
382 4403 471 4457 whole
492 4419 602 4472 process
621 4402 653 4457 of
668 4404 821 4473 discovery)
842 4405 985 4472 ‘quartam
1008 4407 1115 4470 partem
1138 4401 1224 4454 nostri
1243 4401 1335 4469 operis

181 4487 374 4541 attribuimus:
399 4502 470 4556 quae
492 4503 588 4541 revera
609 4489 646 4542 nil
667 4487 740 4542 aliud
761 4493 813 4554 est,
831 4503 914 4556 quam
932 4484 1067 4540 secundae
1085 4485 1170 4554 partis
1189 4484 1337 4554 applicatio

182 4570 353 4642 particularis
365 4577 395 4625 et
407 4570 558 4641 explicata!

732 4673 792 4724 U2
