3308 5106
644 441 899 499 PRAEFATIO.
1289 443 1350 518 159

194 612 388 678 authoribus
420 609 576 676 ornandis
614 617 647 673 et
684 607 846 692 stipandis
878 603 985 672 servili
1021 605 1130 671 officio
1160 605 1348 690 funguntur.

195 719 316 802 Neque
331 718 411 783 illud
428 718 543 782 afferat
563 715 737 800 quispiam,
752 713 905 779 scientias
921 712 1093 796 paullatim
1109 723 1349 778 succrescentes

194 821 332 886 tandem
348 823 391 886 ad
407 830 532 886 statum
548 819 713 904 quendam
734 819 930 902 pervenisse,
949 824 983 881 et
1003 825 1075 881 tum
1091 818 1225 881 demum
1241 815 1350 902 (quasi

196 926 354 990 conlectis
376 925 492 1008 spatiis
515 923 687 1009 legitimis)
709 923 743 987 in
766 922 918 1005 operibus
942 942 1121 1005 paucorum
1146 922 1241 986 sedes
1263 922 1350 986 lixas

196 1029 367 1111 posuisse3
391 1039 493 1112 atque
508 1038 687 1112 postquam
708 1027 754 1090 nil
773 1027 890 1091 melius
908 1027 1044 1090 inveniri
1060 1027 1213 1109 potuerit,
1229 1037 1351 1090 restare

196 1132 320 1196 scilicet
343 1142 380 1195 ut
402 1153 488 1215 quae
507 1133 639 1196 inventa
663 1131 728 1195 sint
755 1139 956 1194 exornentur
976 1138 1009 1194 et
1034 1129 1191 1194 colantur.
1234 1129 1351 1213 Atque

196 1237 382 1318 optandum
405 1236 540 1318 quidem
562 1243 649 1299 esset
672 1233 755 1299 haec
774 1234 821 1298 ita
842 1255 877 1297 se
900 1233 1064 1297 habuisse.
1110 1234 1246 1299 Rectius
1269 1233 1349 1297 illud

198 1349 232 1402 et
246 1339 362 1416 verius,
377 1339 457 1402 istas
477 1340 686 1403 scientiarum
708 1337 967 1420 mancipationes
988 1335 1033 1399 nil
1054 1335 1231 1401 aliudesse
1249 1357 1350 1420 quam

198 1462 268 1505 rem
284 1463 328 1506 ex
344 1461 525 1525 paucorum
539 1440 711 1505 hominum
728 1439 928 1505 confidentia
940 1446 974 1502 et
986 1438 1184 1522 reliquorum
1201 1441 1350 1505 socordia

198 1553 232 1609 et
255 1547 370 1608 inertia
394 1555 517 1608 natam.
561 1545 743 1627 Postquam
769 1542 857 1607 enim
883 1542 1039 1606 scientiae
1062 1563 1122 1624 per
1144 1553 1255 1624 partes
1278 1543 1351 1607 dili-

198 1657 313 1731 genter
328 1648 465 1712 lortasse
485 1647 640 1711 excultae
655 1655 689 1711 et
703 1655 864 1710 tractatae
882 1645 1010 1723 fuerint,
1025 1654 1097 1709 tum
1113 1645 1196 1710 lorte
1215 1657 1351 1711 exortus

200 1763 251 1817 est
268 1752 395 1836 aliquis,
412 1752 543 1834 ingenio
563 1751 676 1814 audax
695 1760 729 1813 et
751 1757 886 1831 propter
908 1747 1056 1812 methodi
1080 1751 1275 1832 compendia
1297 1772 1351 1816 ac·

199 1865 316 1940 ceptus
332 1865 365 1920 et
381 1854 575 1932 celebratus,
587 1855 642 1938 qui
659 1853 878 1935 specietenus
893 1863 998 1915 artem
1014 1853 1228 1933 constituerit,
1240 1875 1352 1919 revera

198 1971 347 2024 veterum
372 1958 501 2022 labores
525 1959 712 2040 corruperit.
758 1957 798 2020 Id
824 1966 937 2020 tamen
963 1957 1103 2039 posteris
1126 1966 1256 2041 gratum
1281 1981 1352 2024 esse

200 2064 294 2142 solet,
314 2073 448 2146 propter
470 2083 566 2126 usum
593 2063 700 2144 operis
724 2062 919 2144 expeditum
948 2071 980 2124 et
1007 2062 1225 2144 inquisitionis
1248 2085 1352 2128 novae

199 2169 347 2232 taedium
367 2178 401 2232 et
425 2167 672 2249 impatientiam.
718 2166 818 2249 Quod
845 2166 871 2229 si
896 2167 968 2249 quis
987 2185 1146 2230 consensu
1170 2167 1241 2248 jam
1264 2168 1353 2232 inve·

201 2281 308 2337 terato
337 2282 496 2355 tanquam
527 2272 685 2354 temporis
707 2270 831 2352 judicio
856 2279 1036 2348 moveatur,
1062 2270 1144 2334 sciat
1167 2291 1203 2334 se
1226 2273 1353 2338 ratione

201 2377 383 2441 admodum
398 2376 506 2439 fallaci
518 2385 552 2442 et
566 2374 695 2438 infirma
706 2375 776 2439 niti.
821 2375 940 2456 Neque
956 2375 1043 2436 enim
1056 2375 1155 2437 'nobis
1172 2394 1292 2458 magna
1308 2399 1352 2440 ex

201 2489 296 2562 parte
322 2488 438 2543 notum
465 2489 523 2559 est,
545 2480 624 2562 quid
649 2480 682 2542 in
710 2479 852 2544 scientiis
876 2487 910 2541 et
934 2478 1068 2555 artibus,
1091 2479 1189 2541 variis
1216 2479 1354 2543 saeculis

202 2593 235 2647 et
261 2582 350 2661 locis,
375 2583 552 2648 innotuerit
576 2592 610 2646 et
636 2584 669 2647 in
696 2583 865 2666 publicum
890 2581 1070 2659 emanarit3
1104 2581 1211 2645 multo
1237 2583 1355 2662 minus,

201 2687 281 2768 quid
297 2709 317 2750 a
332 2687 468 2770 singulis
488 2696 653 2751 tentatum
676 2687 718 2752 sit
739 2697 772 2752 et
792 2695 919 2750 secreto
937 2685 1108 2767 agitatum.
1155 2686 1273 2770 Itaque
1294 2707 1353 2752 nec

201 2791 360 2873 temporis
382 2800 495 2873 partus
526 2811 585 2855 nec
614 2789 750 2854 abortus
773 2798 890 2854 extant
920 2789 953 2852 in
975 2788 1076 2852 lastis.
1133 2789 1251 2872 Neque
1283 2789 1354 2874 ipse

203 2912 381 2957 consensus
399 2893 535 2977 ejusque
553 2893 751 2958 diuturnitas
770 2892 881 2974 magni
900 2912 1031 2974 prorsus
1046 2893 1272 2958 aestimandus
1294 2903 1354 2960 est.

204 2997 384 3080 Utcunque
399 2998 488 3062 enim
502 2998 592 3061 varia
609 2997 674 3061 sint
695 3016 817 3080 genera
830 2995 1029 3079 politiamm,
1044 2997 1158 3060 unicus
1178 3007 1228 3061 est
1248 3008 1355 3064 status

203 3101 421 3179 scientiarum,
450 3102 544 3184 isque
574 3121 704 3183 semper
734 3101 796 3164 luit
829 3108 863 3164 et
896 3120 1068 3164 mansurus
1098 3109 1149 3164 est
1178 3102 1354 3185 popularis.

202 3203 319 3287 Atque
348 3204 437 3286 apud
465 3204 624 3288 populum
654 3205 832 3287 plurimum
858 3205 971 3288 vigent
1000 3205 1169 3269 doctrinae
1195 3216 1253 3270 aut
1279 3229 1356 3271 con·

202 3308 366 3370 tentiosae
386 3317 420 3371 et
441 3327 607 3391 pugnaces
622 3316 681 3372 aut
696 3307 863 3390 speciosae
882 3316 915 3370 et
935 3307 1058 3386 inanes,
1073 3308 1187 3391 quales
1202 3309 1355 3375 videlicet

202 3429 372 3474 assensum
409 3421 467 3474 aut
501 3411 680 3494 illaqueant
717 3419 774 3474 aut
805 3410 1002 3476 demulcent.
1059 3413 1178 3494 ltaque
1208 3415 1357 3480 maxima

203 3513 336 3596 ingenia
350 3515 567 3597 proculdubio
583 3536 642 3598 per
656 3515 802 3597 singulas
817 3525 944 3579 aetates
959 3515 1026 3578 vim
1042 3536 1140 3598 passa
1155 3527 1231 3581 sunt
1245 3545 1253 3596 ;
1276 3519 1355 3582 dum

202 3617 262 3680 viri
278 3627 377 3700 captu
394 3627 427 3681 et
443 3617 610 3682 intellectu
628 3637 693 3682 non
708 3617 869 3700 vulgares,
881 3618 983 3682 nihilo
999 3619 1103 3681 secius
1119 3621 1356 3685 existimationi

203 3739 283 3784 suae
314 3721 530 3800 consulentes,
557 3722 715 3805 temporis
745 3731 779 3785 et
812 3720 1031 3784 multitudinis
1057 3721 1182 3803 judicio
1212 3744 1248 3787 se
1277 3726 1355 3788 sub·

205 3823 361 3888 miserint.
393 3825 619 3908 Quamobrem
631 3825 764 3890 altiores
776 3824 1071 3906 contemplationes
1083 3827 1109 3888 si
1121 3826 1205 3890 sorte
1218 3847 1357 3909 usquam

205 3927 406 4006 emicuerint,
422 3930 615 4011 opinionum
632 3929 817 4011 vulgarium
832 3930 940 3992 ventis
959 3928 1098 3990 subinde
1121 3930 1265 4010 agitatae
1281 3941 1357 3996 sunt

204 4041 238 4094 et
267 4031 443 4096 extinctae.
497 4031 597 4096 Adeo
626 4043 663 4097 ut
689 4033 847 4115 Tempus,
872 4041 1033 4114 tanquam
1063 4031 1189 4110 fluvius,
1213 4031 1298 4097 levia
1325 4045 1358 4099 et

204 4133 319 4200 inflata
338 4135 381 4198 ad
405 4155 465 4199 nos
488 4136 667 4215 devexerit,
687 4137 799 4220 gravia
823 4145 857 4200 et
880 4134 987 4198 solida
1013 4135 1214 4200 demerserit.
1268 4137 1358 4220 Quin

204 4247 238 4301 et
263 4237 310 4301 illi
334 4237 396 4321 ipsi
419 4237 574 4303 authores
597 4239 653 4323 qui
674 4240 872 4304 dictaturam
895 4238 1062 4321 quandam
1086 4238 1118 4300 in
1142 4238 1286 4303 scientiis
1312 4239 1358 4303 in·

202 4350 359 4406 vaserunt
375 4352 408 4408 et
423 4353 516 4409 tanta
532 4343 732 4408 confidentia
747 4341 789 4406 de
805 4343 902 4406 rebus
918 4342 1139 4424 pronuntiant,
1156 4363 1230 4406 cum
1248 4351 1359 4408 tamen

203 4465 265 4528 per
289 4445 459 4511 intervalla
485 4449 527 4512 ad
552 4469 588 4512 se
612 4449 761 4525 redeunt,
785 4446 827 4510 ad
855 4446 1075 4528 querimonias
1105 4446 1147 4509 de
1177 4447 1360 4512 subtilitate

202 4559 351 4628 naturae,
384 4550 533 4615 veritatis
570 4550 757 4629 recessibus,
795 4569 904 4613 rerum
941 4550 1149 4628 obscuritate,
1188 4571 1359 4615 causarum
