3220 5102
362 449 428 520 5¹4
738 440 895 497 novun
915 442 1134 500 orrannum.

361 616 398 671 ut
414 607 447 672 in
463 605 704 672 curvationibus
721 607 800 690 ligni
816 616 874 678 aut
891 609 1025 686 metalli,
1039 607 1218 692 horologiis
1234 609 1438 675 moventibus
1449 631 1495 694 per
1573 631 1574 640 ³

361 711 650 794 complicationem
673 710 825 790 laminae,
849 711 1034 790 missilibus,
1058 711 1333 791 malleationibus,
1355 722 1390 778 et
1416 714 1494 777 innu-

360 815 458 879 meris
469 814 542 878 aliis
559 814 703 878 motibus
719 823 866 897 apparet.
903 813 1020 898 Atque
1035 815 1116 878 haec
1132 815 1244 879 omnia
1259 836 1335 879 cum
1352 819 1494 879 mensuris

360 919 426 980 suis
447 918 480 980 in
503 917 715 999 indagatione
738 926 875 980 naturae
895 919 1040 982 notanda
1062 927 1096 982 et
1119 918 1326 1001 exploranda
1348 928 1432 988 sunt.
1448 931 1493 984 aut

360 1021 604 1085 incertitudine
623 1040 691 1099 sua,
707 1031 766 1086 aut
780 1041 840 1104 per
858 1022 1093 1097 aestimativas,
1109 1032 1167 1087 aut
1185 1043 1244 1105 per
1261 1025 1494 1105 comparativus
1573 1057 1574 1116 4

359 1133 457 1208 prout
473 1125 606 1189 dabitur
621 1124 726 1206 copia.

869 1225 996 1292 XLVI.

404 1340 495 1405 Inter
516 1341 769 1422 praerogativas
794 1338 1031 1404 instantiamm
1058 1361 1220 1423 ponemus
1250 1340 1325 1406 loco
1355 1341 1496 1406 vicesimo

358 1445 502 1510 secundo
531 1444 716 1508 Jmtantias
748 1441 915 1509 Curriculi
922 1442 958 1522 ²²,
988 1465 1070 1526 quas
1106 1445 1208 1508 etiam
1244 1445 1431 1508 Instantius
1462 1444 1499 1508 ad

356 1551 491 1632 Aquam
506 1548 673 1632 appellare
689 1549 937 1623 consuevimus;
964 1557 1099 1632 sumpto
1113 1548 1277 1613 vocabulo
1291 1570 1312 1611 a
1328 1549 1498 1632 clepsydris

357 1657 445 1738 apud
462 1655 624 1736 antiquos,
643 1653 676 1716 in
694 1674 776 1735 quas
800 1652 1034 1717 infundebatur
1056 1672 1152 1734 aqua,
1168 1652 1241 1716 loco
1263 1673 1395 1719 arenae.
1438 1653 1499 1715 Eae

358 1767 549 1822 mensurant
577 1767 728 1820 naturam
754 1776 813 1838 per
840 1765 1009 1819 momenta
1035 1754 1202 1837 temporis,
1225 1757 1499 1837 quemadmodum

355 1843 541 1925 sustantia
564 1860 684 1940 Virgae
699 1880 756 1941 per
773 1861 894 1942 gradus
910 1860 1017 1942 spatii.
1062 1859 1181 1923 Omnis
1202 1860 1290 1922 enim
1312 1869 1425 1922 motus
1441 1861 1500 1944 siue

356 1966 442 2028 actio
471 1962 628 2027 naturalis
654 1961 845 2044 transigitur
870 1963 904 2026 in
930 1972 1100 2044 tempore3
1135 1961 1218 2025 alius
1246 1961 1401 2040 velocius,
1427 1963 1500 2025 alius

355 2068 489 2144 tardius,
501 2066 558 2130 sed
574 2075 741 2146 utcunque
757 2065 934 2129 momentis
947 2065 1043 2128 certis
1060 2072 1093 2128 et
1111 2074 1247 2128 naturae
1263 2065 1364 2130 notis·
1396 2066 1499 2130 Etiam

355 2170 431 2234 illae
446 2170 593 2234 actiones
608 2188 693 2251 quae
708 2168 818 2232 subito
831 2170 985 2233 videntur
1002 2167 1139 2249 operari,
1158 2177 1191 2232 et
1210 2168 1243 2231 in
1262 2169 1328 2233 ictu
1351 2169 1438 2234 oculi
1457 2165 1500 2253 (ut

354 2269 542 2359 loquimur),
569 2272 860 2356 deprehenduntur
889 2273 1032 2355 recipere
1062 2270 1168 2354 majus
1198 2281 1232 2337 et
1262 2273 1372 2337 minus
1399 2275 1499 2355 quoad

355 2390 487 2461 tempus
498 2377 535 2441 ²³.

400 2485 509 2548 Primo
536 2483 647 2563 itaque
674 2481 825 2545 videmus
855 2481 1078 2546 restitutiones
1109 2503 1283 2566 corpomm
1314 2481 1499 2546 coelestium

354 2589 424 2653 fieri
447 2608 506 2672 per
528 2596 679 2668 tempora
702 2595 893 2663 numerata3
919 2587 1019 2648 etiam
1044 2585 1155 2649 fluxus
1178 2595 1211 2650 et
1230 2584 1377 2650 refluxus
1401 2587 1501 2650 maris.

354 2692 454 2757 Latio
469 2702 580 2756 autem
597 2690 746 2772 gravium
761 2710 874 2754 versus
890 2699 1011 2754 terram
1028 2700 1061 2753 et
1076 2690 1198 2755 levium
1214 2711 1326 2754 versus
1345 2691 1500 2754 ambitum

354 2797 437 2861 coeli
453 2797 491 2860 fit
507 2816 565 2877 per
587 2803 677 2858 certa
696 2804 873 2873 momenta,
889 2815 948 2876 pro
970 2796 1098 2859 ratione
1119 2796 1264 2878 corporis
1285 2796 1376 2876 quod
1401 2796 1501 2870 fertur,

354 2912 387 2965 et
419 2901 516 2962 medii
526 2897 562 2964 ²⁴.
621 2897 672 2962 At
709 2897 946 2963 velificationes
984 2899 1125 2977 navium,
1158 2908 1267 2963 motus
1303 2899 1500 2969 animalium,

388 3037 410 3068 ²²
429 3040 564 3103 Amongst
580 3037 629 3090 the
646 3035 824 3089 instruments
841 3035 930 3088 which
947 3034 1052 3088 furnish
1069 3037 1207 3104 examples
1224 3035 1256 3090 of
1269 3036 1325 3090 this
1340 3040 1349 3066 ⁴
1362 3036 1500 3102 lnstnnee:

354 3135 397 3173 we
410 3137 472 3190 may
485 3120 591 3174 adduce
608 3119 656 3172 the
674 3118 736 3185 dial,
752 3118 800 3171 the
817 3118 975 3187 pendulum,
992 3118 1040 3172 the
1057 3119 1145 3186 clock,
1162 3119 1211 3172 the
1226 3120 1325 3187 watch,
1341 3119 1392 3176 the
1408 3120 1500 3174 chron·

354 3211 470 3270 ometer‚
494 3204 542 3256 the
567 3200 680 3256 electric
705 3202 794 3268 clock,
818 3202 866 3254 the
890 3201 988 3254 transit
1013 3203 1188 3270 instrument,
1207 3203 1266 3269 &c.,
1292 3204 1354 3270 and,
1380 3209 1501 3270 amongst

352 3287 489 3354 methods,
501 3286 548 3339 the
565 3285 671 3338 various
684 3284 810 3338 divisione
826 3283 858 3338 ol
872 3285 948 3351 time,
961 3285 1009 3338 the
1028 3286 1153 3353 personal
1172 3285 1304 3355 equation
1317 3302 1347 3339 as
1359 3287 1500 3356 employed

353 3373 380 3425 in
401 3370 594 3425 astronomical
618 3369 825 3433 observatories,
847 3369 895 3422 the
915 3369 1012 3423 modes
1032 3368 1064 3423 of
1086 3369 1248 3436 calculating
1269 3370 1316 3424 the
1338 3371 1457 3440 velocity
1477 3369 1504 3422 oi
1573 3391 1574 3416 ι

352 3456 449 3523 sound,
471 3455 547 3522 light,
569 3453 729 3521 electricity‚
752 3453 802 3507 dcc.
840 3453 895 3506 Mr.
919 3453 1032 3507 Kitchin
1052 3453 1177 3509 remarks
1199 3469 1265 3523 very
1286 3454 1348 3506 well
1372 3453 1436 3507 that
1458 3453 1501 3507 the
1573 3471 1574 3474 ¹

352 3541 460 3595 various
479 3537 655 3607 applications
672 3534 705 3589 of
719 3535 767 3589 the
782 3535 969 3590 lnlinitesimal
983 3537 1109 3591 Calculus
1127 3536 1214 3591 afford
1227 3552 1243 3592 a
1255 3537 1327 3605 good
1341 3537 1500 3591 illustr-atlon

352 3625 421 3678 both
435 3621 466 3677 of
475 3623 531 3676 this
543 3621 596 3675 and
609 3619 641 3674 os
651 3620 699 3673 the
711 3619 762 3672 last
775 3619 930 3687 Aphorism.

389 3708 452 3770 The
465 3707 556 3761 worlrs
569 3703 694 3759 referred
711 3709 741 3756 to
760 3704 788 3756 in
807 3704 855 3756 the
873 3703 932 3756 first
950 3709 1016 3758 note
1036 3710 1066 3759 to
1084 3705 1132 3758 the
1149 3705 1201 3758 last
1213 3704 1369 3774 Aphorism,
1382 3704 1438 3761 will
1451 3705 1501 3758 also

352 3809 430 3846 serve
442 3791 485 3844 sor
498 3791 546 3844 the
560 3788 722 3854 illustration
735 3785 768 3840 of
776 3786 839 3842 this.

387 3874 408 3908 ²³
428 3875 557 3940 ‘Glaring
575 3870 728 3926 instances’
747 3869 779 3922 of
794 3869 848 3924 this
865 3877 1014 3925 statement
1027 3871 1118 3926 would
1136 3871 1172 3926 be
1188 3871 1257 3939 light
1275 3871 1330 3926 and
1349 3869 1501 3926 conducted

353 3963 514 4031 electricity.

386 4045 409 4078 ’Μ
428 4047 534 4117 Φέρεται
548 4041 577 4097 δέ
587 4064 618 4112 γε
630 4042 724 4098 θᾶττον
736 4043 765 4097 τὸ
777 4043 868 4097 πλεῖον
880 4042 931 4096 ἄνω
947 4045 1000 4109 πῦρ
1016 4045 1062 4098 τοῦ
1074 4041 1222 4106 ἐλάττονος,
1235 4041 1276 4096 cal
1293 4042 1361 4098 κάτω
1379 4042 1408 4096 δὲ
1426 4043 1501 4096 πᾶλιν

352 4127 475 4186 ὡσαύτως
487 4131 502 4181 ὁ
514 4128 611 4182 πλείων
622 4127 723 4196 χρυσὸς
734 4126 775 4179 καὶ
788 4129 801 4178 d
814 4126 947 4194 μόλιβδος·
963 4127 1057 4196 ὁμοίως
1074 4126 1102 4179 δὲ
1114 4125 1156 4180 καὶ
1168 4129 1219 4180 τῶν
1231 4125 1321 4180 ἄλλων
1332 4125 1446 4182 ἕκαστον
1456 4129 1501 4178 rev

353 4214 465 4286 ἐχόντων
476 4213 568 4281 βάρος.
605 4211 688 4264 Arist.
702 4209 747 4264 De
761 4211 854 4266 Coelo.
869 4211 902 4264 iv.
917 4227 930 4263 a
947 4208 985 4280 (p.
1001 4227 1050 4276 309
1064 4209 1091 4262 b.
1108 4208 1215 4278 12-15).

389 4297 534 4365 Compare,
543 4295 570 4348 in
579 4293 701 4348 addition
711 4298 742 4347 to
751 4294 799 4347 the
808 4309 918 4362 passage
928 4293 1047 4347 towards
1056 4293 1104 4346 the
1114 4293 1169 4346 end
1178 4291 1210 4346 ol
1216 4291 1264 4346 the
1274 4297 1341 4345 next
1350 4291 1499 4361 Aphorism,
1573 4289 1574 4300 *

353 4383 399 4436 De
418 4379 588 4447 Augmentis,
602 4395 627 4432 v.
642 4395 655 4430 a
677 4377 722 4448 (E.
741 4378 795 4430 and
814 4379 849 4436 S..
863 4378 915 4432 vol.
929 4379 945 4430 i.
963 4394 989 4445 p.
1003 4376 1084 4446 625):
1104 4377 1245 4432 ‘Variatio
1263 4376 1454 4445 Experimenti
1473 4375 1500 4428 fit

352 4465 437 4519 tertio
450 4464 477 4517 in
491 4465 618 4531 Qanto;
637 4462 711 4516 circa
728 4462 803 4530 quod
822 4462 936 4529 diligens
953 4461 1103 4515 admodum
1122 4466 1165 4515 est
1183 4459 1337 4515 adhibenda
1353 4476 1427 4526 cura,
1440 4473 1499 4514 cum

352 4547 407 4604 hoc
418 4547 496 4601 multi
509 4545 686 4602 circumstent
699 4562 814 4601 errores.
851 4545 976 4606 Credunt
989 4546 1064 4600 enlm
1075 4545 1208 4615 homines,
1221 4549 1302 4599 aucta
1314 4549 1361 4598 aut
1373 4542 1499 4614 multipli-
