3324 5110
677 475 757 534 ΜΒ.
780 475 807 534 I.
834 467 904 534 116.
1303 483 1366 553 313

213 638 330 723 sophia
345 641 487 706 condere
501 639 595 706 velle.
641 643 761 726 Neque
777 642 864 707 enim
878 641 942 707 hoc
965 639 1112 727 agimus;
1136 661 1243 724 neque
1264 639 1363 704 etiam

213 745 354 809 multum
378 748 535 810 interesse
556 756 711 829 putamus
733 748 776 810 ad
799 749 970 811 hominum
993 748 1140 811 fortunas
1161 746 1274 829 quales
1292 745 1365 827 quis

212 850 383 930 opiniones
408 851 592 914 abstractas
616 852 658 914 de
689 861 804 915 natura
835 861 869 914 et
896 873 1003 915 rerum
1027 852 1193 935 principiis
1219 849 1365 925 habeat;

214 971 320 1034 neque
336 954 472 1017 dubium
488 963 548 1030 est,
565 955 644 1037 quin
660 954 765 1018 multa
780 954 968 1036 hujusmodi
990 964 1022 1018 et
1039 963 1151 1018 vetera
1170 952 1312 1017 revocari
1330 961 1364 1015 et

212 1076 297 1120 nova
314 1058 474 1122 introduci
494 1060 643 1141 possint3
667 1059 949 1140 quemadmodum
971 1068 1004 1122 et
1024 1058 1194 1141 complura
1215 1057 1364 1120 themata

212 1160 295 1223 coeli
318 1163 460 1244 supponi
483 1171 628 1245 possunt,
644 1183 729 1244 quae
752 1182 826 1225 cum
847 1162 1082 1245 phoenomenis
1105 1171 1156 1225 sat
1178 1162 1263 1225 bene
1286 1181 1363 1224 con·

212 1265 357 1342 veniunt,
374 1267 459 1330 inter
473 1287 508 1329 se
523 1278 636 1329 tamen
652 1266 858 1330 dissentiunt.

256 1367 305 1432 At
322 1391 382 1432 nos
397 1371 440 1433 de
455 1370 642 1452 hujusmodi
658 1371 754 1433 rebus
773 1370 1001 1452 opinabilibus
1020 1380 1052 1434 et
1073 1370 1170 1434 simul
1187 1369 1365 1446 inutilibus,

212 1492 279 1536 non
294 1472 491 1538 laboramus.
535 1473 585 1538 At
605 1485 719 1537 contra
735 1475 830 1537 nobis
846 1476 1061 1538 constitutum
1082 1485 1131 1538 est
1151 1474 1302 1555 experiri,
1319 1492 1363 1536 an

212 1596 323 1640 revera
338 1578 506 1659 potentiae
522 1587 556 1642 et
570 1578 796 1659 amplitudinis
811 1577 976 1641 humanae
993 1577 1134 1641 firmiora
1149 1577 1365 1640 fundamenta

208 1679 319 1762 jacere
348 1701 387 1744 ac
417 1680 499 1744 fines
528 1681 561 1744 in
592 1681 689 1745 latius
719 1681 862 1763 proserre
889 1682 1052 1762 possimus
1062 1678 1097 1744 ²⁸.
1141 1680 1257 1763 Atque
1286 1679 1363 1743 licet

211 1785 360 1864 sparsim,
388 1795 421 1849 et
448 1787 481 1848 in
504 1785 667 1867 aliquibus
694 1785 849 1867 subjectis
875 1784 1079 1867 specialibus,
1112 1785 1209 1866 longe
1238 1785 1363 1847 veriora

210 1886 392 1952 habeamus
407 1899 440 1953 et
455 1879 593 1953 certiora
609 1887 660 1975 (ut
676 1885 886 1973 arbitramur)
902 1899 1003 1971 atque
1027 1889 1127 1952 etiam
1150 1889 1254 1970 magis
1277 1887 1361 1951 fruc·

211 2001 307 2056 tuosa
322 2014 422 2075 quam
438 1993 556 2076 quibus
571 1993 723 2057 homines
738 1994 846 2058 adhuc
862 2003 998 2057 utuntur
1014 1989 1112 2078 (quae
1127 1995 1160 2056 in
1178 1993 1328 2075 quintam
1338 1991 1363 2030 ²⁹

212 2094 462 2160 instaurationis
485 2106 617 2160 nostrae
638 2107 768 2179 partem
792 2092 1038 2182 congessimus),
1063 2106 1176 2159 tamen
1199 2097 1361 2160 theoriam

211 2197 334 2261 nullam
359 2201 574 2263 universalem
598 2210 655 2264 aut
678 2202 840 2282 integram
864 2203 1086 2283 proponimus.
1132 2201 1250 2283 Neque
1274 2203 1362 2264 enim

210 2300 286 2367 huic
302 2305 346 2367 rei
363 2313 495 2388 tempus
515 2305 622 2369 adhuc
640 2307 756 2370 adesse
772 2306 909 2370 videtur.
955 2306 1045 2387 Quin
1069 2326 1128 2369 nec
1147 2326 1240 2387 spem
1260 2305 1361 2368 habe-

211 2426 285 2470 mus
310 2410 398 2473 vitae
426 2411 657 2492 producendae
683 2410 726 2473 ad
756 2420 888 2473 sextam
902 2407 928 2446 ³⁰
960 2409 1209 2474 Instaurationis
1234 2419 1362 2492 partem

211 2507 312 2594 (quae
334 2512 564 2596 philosophiae
586 2534 645 2598 per
669 2513 852 2595 legitimam
878 2513 1027 2576 Naturae
1051 2513 1361 2596 Interpretationem

211 2611 363 2679 inventae
389 2617 553 2680 destinata
578 2618 639 2698 est)
664 2616 924 2695 absolvendam;
955 2617 1013 2679 sed
1043 2618 1122 2680 satis
1148 2616 1309 2680 habemus
1334 2616 1360 2678 si

211 2717 243 2779 in
261 2720 377 2783 mediis
391 2721 498 2785 sobrie
517 2731 550 2785 et
570 2721 693 2785 utiliter
708 2742 768 2784 nos
788 2741 949 2804 geramus,
964 2730 1065 2802 atque
1085 2721 1214 2784 interim
1235 2720 1361 2784 semina

209 2823 356 2887 veritatis
371 2825 553 2888 sincerioris
571 2824 604 2887 in
620 2834 770 2908 posteros
788 2843 992 2907 spargamus,
1009 2834 1111 2906 atque
1129 2824 1228 2887 initiis
1251 2842 1359 2887 rerum

211 2945 405 3008 magnarum
422 2948 488 2992 non
507 2929 660 2994 desimus.

211 3147 274 3202 The
288 3150 440 3217 Severinus,
453 3151 561 3205 alluded
576 3158 607 3205 to
620 3153 647 3205 in
660 3152 714 3206 this
727 3151 881 3220 Aphorism,
895 3151 916 3203 is
928 3151 1060 3219 probably
1072 3151 1120 3204 the
1132 3167 1206 3205 same
1219 3167 1248 3204 as
1261 3152 1359 3203 ‘Seve-

209 3232 284 3285 rinus
305 3233 354 3286 the
373 3233 465 3288 Dane’
480 3235 519 3305 (b.
536 3251 612 3302 1542,
634 3235 766 3304 d.1602),
785 3236 847 3288 who
866 3241 940 3288 must
955 3234 990 3289 be
1011 3235 1207 3302 distinguished
1226 3234 1298 3287 from
1320 3233 1360 3285 his

209 3332 287 3370 more
309 3317 465 3372 celebrated
490 3320 644 3384 namesake,
671 3319 782 3372 Marcus
807 3319 933 3371 Aurelius
962 3319 1114 3386 Severinus,
1136 3319 1184 3372 the
1204 3319 1356 3371 Calabrian.

209 3399 283 3453 Both
294 3399 373 3454 these
385 3403 506 3467 authors,
521 3419 550 3454 as
561 3403 621 3454 well
634 3418 662 3454 as
674 3401 800 3454 Telesius
812 3403 866 3455 and
879 3401 1020 3467 Patricius,
1033 3417 1080 3454 are
1092 3401 1216 3454 referred
1228 3408 1259 3454 to
1272 3401 1299 3453 in
1312 3399 1360 3454 the

211 3481 401 3537 introduction
415 3492 445 3538 to
458 3485 512 3538 this
525 3485 646 3538 Edition.

247 3566 274 3619 lt
295 3567 317 3620 is
340 3569 448 3622 curious
470 3570 530 3624 that
551 3569 579 3621 in
600 3569 649 3623 the
668 3567 817 3636 Temporis
839 3568 935 3624 Partus
960 3567 1107 3634 Masculus,
1128 3567 1221 3620 where
1244 3566 1360 3620 Bacon's

204 3649 365 3718 judgments
386 3669 433 3706 are
451 3653 554 3722 usually
572 3653 726 3720 extremely
744 3668 847 3718 severe,
870 3652 1014 3704 Severinus
1038 3651 1085 3704 the
1105 3651 1185 3703 Dane
1209 3649 1306 3703 should
1324 3649 1359 3702 be

208 3735 336 3803 specially
353 3736 473 3789 selected
492 3735 537 3789 for
552 3736 794 3789 commendation:
814 3735 945 3787 ‘invideo
963 3734 1013 3786 tibi
1027 3733 1192 3802 (Paracelse)
1206 3749 1221 3785 e
1238 3739 1358 3785 sectato-

208 3819 283 3871 ribus
301 3819 356 3872 tuis
374 3835 459 3873 unum
478 3820 592 3873 Petrum
611 3819 779 3885 Severinum,
797 3818 885 3871 virum
904 3834 959 3871 non
979 3818 1089 3884 dignum
1110 3817 1157 3884 qui
1176 3816 1233 3868 istis
1251 3815 1372 3894 lneptiis·

208 3903 398 3956 immoriatur!
437 3903 481 3973 (E.
495 3903 548 3956 and
563 3905 597 3969 S,
611 3902 663 3955 vol.
674 3902 711 3954 iii.
724 3917 751 3970 p.
762 3898 835 3969 533.)

243 3983 265 4014 ²⁸
283 3987 334 4054 Cp.
347 3986 394 4039 the
413 3987 474 4040 title
492 3986 525 4039 of
538 3986 587 4040 the
600 3985 709 4038 Novum
723 3985 872 4051 Organum,
885 3985 892 4012 ‘
903 3982 1058 4052 Aphorismi
1076 3983 1112 4036 de
1126 3982 1359 4052 interpretatione

208 4067 330 4122 Naturae
342 4075 372 4122 et
386 4069 483 4136 Regno
497 4069 643 4122 Hominis!

244 4150 266 4182 ²⁰
284 4151 354 4206 This
375 4169 430 4208 was
448 4159 479 4206 to
497 4153 532 4205 be
551 4152 667 4206 entitled
680 4153 688 4182 ‘
700 4150 846 4204 Prodromi
864 4151 920 4204 sive
938 4149 1155 4218 Anticipationes
1171 4148 1361 4217 Philosophiae

209 4236 369 4290 Secundae!
388 4236 452 4290 The
466 4235 579 4290 Preface
592 4243 622 4288 to
635 4237 655 4288 it
670 4236 690 4288 is
702 4234 844 4304 published
853 4241 882 4288 at
895 4234 942 4286 the
955 4234 1009 4288 end
1018 4233 1051 4287 of
1060 4233 1125 4286 Ellis
1137 4232 1191 4285 and
1202 4232 1360 4300 Spedding’s

206 4320 310 4372 second
323 4320 439 4375 volume.

242 4399 266 4432 ³⁰
283 4403 354 4455 This
371 4419 426 4456 was
444 4408 475 4456 to
493 4402 528 4456 be
547 4402 662 4455 entitled
682 4400 871 4470 ‘Philosophia
887 4401 1019 4466 Secunda,
1038 4401 1094 4454 sive
1111 4399 1231 4452 Scientia
1245 4398 1358 4454 Actius?

208 4485 304 4544 There
317 4487 338 4542 is
350 4501 366 4542 a
378 4487 431 4544 tine
444 4486 611 4557 description
624 4485 657 4542 oi
666 4485 688 4540 it
700 4485 727 4541 in
740 4485 787 4541 the
801 4484 967 4540 Distributio
980 4484 1086 4554 Operis.
1123 4483 1174 4536 See
1187 4497 1213 4552 p.
1228 4485 1286 4547 17⁶·
