3346 5104
576 418 852 476 orsrnraurro
876 419 1035 476 opums,
1318 423 1376 493 171

224 605 327 668 quam
350 573 476 650 sensus.
520 585 700 668 Utcunque
729 585 817 648 enim
842 584 994 648 homines
1017 583 1080 647 sibi
1106 583 1259 666 placeant
1286 592 1321 648 et
1345 583 1379 646 in

226 689 482 753 admirationem
509 690 630 752 mentis
659 687 823 751 humanae
853 707 892 751 ac
921 687 989 752 sere
1017 688 1246 752 adorationem
1274 695 1379 766 ruant,

225 791 307 856 illud
323 794 541 858 certissimum
558 801 627 857 est:
650 793 736 856 sicut
756 790 927 874 speculum
947 790 1121 874 inaequale
1140 813 1249 855 rerum
1271 792 1380 855 radios

226 917 270 960 ex
287 897 390 980 figura
411 907 445 961 et
464 898 610 962 sectione
631 897 765 980 propria
786 896 951 974 immutat,
966 897 1013 959 ita
1032 905 1066 959 et
1089 905 1243 974 mentem,
1261 916 1336 959 cum
1359 915 1379 958 a

224 1000 324 1064 rebus
349 1022 409 1084 per
429 1022 562 1066 sensum
588 1003 720 1083 patitur,
744 1001 777 1063 in
805 1000 993 1064 notionibus
1016 1001 1084 1064 suis
1107 1000 1323 1083 expediendis
1344 1009 1379 1064 et

225 1105 514 1170 comminiscendis
534 1105 624 1169 haud
646 1103 773 1186 optima
796 1103 862 1168 fide
884 1124 993 1168 rerum
1014 1113 1151 1168 naturae
1169 1125 1264 1168 suam
1283 1112 1379 1168 natu·

225 1227 297 1272 ram
313 1210 453 1272 inserere
469 1218 502 1272 et
517 1209 710 1272 immiscere.
1135 1217 1136 1220 ’

268 1310 384 1398 Atque
400 1313 509 1394 priora
525 1312 582 1375 illa
597 1313 664 1376 duo
678 1309 846 1374 [dolorum
860 1329 983 1393 genera
998 1331 1103 1393 aegre,
1119 1321 1287 1394 postrema
1300 1332 1379 1376 vero

224 1415 306 1479 haec
332 1417 423 1480 nullo
449 1416 559 1494 modo,
581 1415 676 1479 evelli
699 1422 849 1496 possunt.
894 1415 935 1478 Id
961 1424 1095 1478 tantum
1117 1415 1318 1498 relinquitur,
1341 1424 1379 1479 ut

224 1519 418 1598 indicentur,
447 1529 548 1602 atque
577 1529 614 1583 ut
642 1519 692 1582 vis
721 1519 785 1582 ista
813 1519 934 1582 mentis
965 1518 1150 1582 insidiatrix
1182 1528 1315 1583 notetur
1345 1528 1379 1584 et

224 1624 458 1703 convincatur;
492 1644 534 1688 ne
559 1623 645 1687 forte
668 1643 689 1686 a
715 1622 939 1686 destructione
962 1631 1114 1686 veterum
1137 1623 1213 1686 novi
1239 1621 1379 1686 subinde

224 1747 369 1792 errorum
391 1727 512 1791 surculi
535 1748 579 1791 ex
606 1727 677 1809 ipsa
701 1725 787 1789 mala
810 1725 1041 1808 complexione
1064 1727 1183 1790 mentis
1205 1725 1377 1808 pullulent,

221 1851 331 1912 eoque
355 1851 406 1895 res
432 1831 566 1908 recidat,
591 1839 628 1894 ut
654 1850 778 1894 errores
804 1849 870 1892 non
895 1830 1134 1910 extinguantur
1156 1829 1215 1892 sed
1245 1850 1379 1912 permu-

223 1944 354 2015 tentur3
380 1955 494 1999 verum
518 1941 674 1998 econtra
695 1943 732 1997 ut
755 1933 836 1996 illud
859 1934 994 1997 tandem
1022 1933 1055 1996 in
1077 1943 1247 1997 aeternum
1270 1943 1378 1998 ratum

225 2048 259 2102 et
274 2038 381 2102 fixum
396 2039 448 2116 sit,
464 2038 670 2102 intellectum
686 2037 748 2100 nisi
768 2056 827 2118 per
841 2036 1066 2100 inductionem
1087 2036 1224 2120 ejusque
1238 2036 1378 2100 formam

223 2142 406 2224 legitimam
427 2141 575 2224 judicare
598 2161 664 2205 non
691 2161 796 2223 posse.
844 2140 963 2222 Itaque
985 2140 1136 2204 doctrina
1161 2142 1226 2204 ista
1249 2143 1292 2205 de
1319 2162 1377 2205 ex·

223 2248 420 2329 purgatione
441 2246 629 2310 intellectus
652 2254 689 2308 ut
711 2245 782 2326 ipse
804 2244 848 2307 ad
865 2245 1040 2307 veritatem
1062 2244 1181 2308 habilis
1203 2245 1254 2321 sit,
1273 2245 1378 2309 tribus

221 2351 508 2432 redargutionibus
529 2348 728 2412 absolvitur:
759 2347 990 2429 redargutione
1012 2346 1304 2431 philosophiamm,
1328 2369 1377 2412 re·

221 2454 417 2536 dargutione
429 2453 757 2529 demonstrationum,
769 2460 803 2514 et
818 2451 1050 2532 redargutione
1062 2452 1198 2514 rationis
1211 2452 1377 2516 humanae

222 2559 363 2622 nativae.
410 2557 475 2621 His
497 2578 574 2622 vero
597 2556 780 2638 explicatis,
803 2575 841 2619 ac
867 2564 1045 2638 postquam
1071 2556 1206 2618 demum
1233 2556 1376 2638 patuerit

220 2661 302 2743 quid
321 2680 429 2724 rerum
448 2670 576 2736 natura,
591 2660 672 2743 quid
693 2659 812 2723 mentis
828 2667 945 2722 natura
961 2657 1052 2736 serat,
1069 2659 1299 2722 existimamus
1316 2678 1375 2722 nos

220 2764 406 2828 thalamum
429 2765 554 2829 Mentis
576 2772 609 2828 et
631 2763 793 2838 Universi‚
815 2762 965 2845 pronuba
988 2762 1098 2825 divina
1119 2762 1278 2841 bonitate,
1294 2771 1376 2826 stra·

219 2868 307 2932 visse
322 2878 356 2933 et
371 2889 512 2948 ornasse.
558 2866 774 2950 Epithalamii
795 2875 906 2930 autem
922 2875 1036 2930 votum
1058 2866 1108 2944 sit,
1124 2874 1161 2929 ut
1182 2887 1226 2930 ex
1242 2885 1281 2930 eo
1297 2887 1375 2930 con·

219 2973 322 3035 nubio
342 2971 466 3036 auxilia
489 2972 635 3035 humana
658 2979 691 3034 et
714 2971 812 3052 stirps
835 2971 1043 3033 inventorum
1059 2991 1144 3051 quae
1162 2971 1374 3034 necessitates

219 3094 260 3139 ac
287 3075 433 3139 miserias
458 3075 632 3139 hominum
658 3074 769 3156 aliqua
795 3095 840 3137 ex
865 3082 960 3156 parte
986 3074 1125 3139 doment
1151 3084 1185 3139 et
1210 3075 1373 3158 subigant,

219 3179 424 3263 suscipiatur.
468 3178 560 3242 Haec
574 3199 650 3242 vero
663 3188 713 3241 est
725 3178 828 3260 operti
834 3188 919 3259 pars
932 3175 1078 3242 secunda.

263 3381 315 3446 At
336 3385 407 3446 vias
430 3403 496 3447 non
519 3383 626 3447 solum
650 3388 834 3445 monstrare
856 3387 890 3443 et
913 3379 1048 3458 munire,
1063 3379 1122 3443 sed
1145 3380 1226 3445 inire
1241 3351 1373 3464 quoque

219 3486 392 3550 consilium
409 3497 467 3552 est.
513 3486 631 3570 Itaque
646 3486 744 3550 tertia
764 3504 841 3566 pars
858 3484 966 3566 operis
981 3482 1212 3565 complectitur
1225 3484 1374 3550 Phaeno-

217 3609 313 3652 mena
333 3589 511 3666 Universi‚·
530 3589 593 3655 hoe
611 3598 672 3666 est,
688 3589 900 3671 omnigenam
922 3589 1171 3671 experientiam,
1188 3599 1288 3670 atque
1307 3589 1373 3653 his·

217 3693 337 3756 toriam
353 3694 537 3758 naturalem
554 3694 623 3777 ejus
641 3693 769 3776 generis
785 3713 870 3775 quae
885 3693 991 3774 possit
1009 3711 1080 3754 esse
1100 3693 1142 3754 ad
1164 3692 1372 3756 condendam

218 3795 462 3878 philosophiam
488 3796 755 3861 fundamentalis.
800 3797 919 3878 Neque
946 3797 1035 3858 enim
1065 3795 1233 3858 excellens
1263 3784 1382 3877 aliqua

217 3900 468 3964 demonstrandi
485 3901 539 3964 via
561 3901 631 3964 sive
651 3909 804 3964 naturam
825 3899 1066 3980 interpretandi
1088 3898 1202 3971 forma,
1221 3907 1258 3960 ut
1281 3919 1372 3962 men-

216 4014 286 4069 tem
302 4007 345 4069 ab
362 4027 469 4070 errore
485 4016 519 4072 et
540 4006 634 4090 lapsu
650 4005 827 4070 defendere
847 4024 886 4068 ac
907 4003 1075 4081 sustinere,
1091 4005 1137 4066 ita
1153 4004 1182 4067 ei
1198 4006 1371 4069 materiam

215 4109 260 4172 ad
290 4109 460 4174 sciendum
490 4110 648 4192 praebere
679 4117 713 4173 et
742 4107 989 4172 subministrare
1019 4107 1132 4188 possit.
1175 4107 1301 4171 Verum
1332 4109 1371 4173 iis

215 4211 336 4295 quibus
362 4233 429 4277 non
452 4212 615 4295 conjicere
638 4221 672 4277 et
696 4212 858 4286 hariolari,
882 4212 940 4276 sed
963 4210 1106 4274 invenire
1131 4219 1164 4274 et
1187 4212 1269 4275 scire
1295 4233 1370 4295 pro·

215 4317 361 4396 positum
381 4325 441 4393 est,
458 4316 579 4400 quique
602 4337 668 4380 non
691 4315 836 4379 simiolas
859 4325 892 4378 et
913 4314 1041 4378 fabulas
1064 4316 1261 4380 mundorum
1281 4337 1371 4381 com·

216 4417 352 4495 minisci,
374 4419 433 4484 sed
455 4419 553 4502 hujus
574 4419 677 4504 ipsius
698 4419 766 4484 veri
789 4419 903 4483 mundi
926 4427 1078 4482 naturam
1101 4419 1313 4503 introspicere
1336 4433 1370 4488 et

214 4520 305 4588 velut
320 4523 483 4589 dissecare
498 4523 531 4587 in
550 4523 661 4589 animo
682 4522 815 4604 habent,
831 4523 942 4586 omnia
962 4544 981 4587 a
1004 4523 1101 4587 rebus
1124 4524 1203 4608 ipsis
1225 4528 1370 4610 petenda
