3220 5102
602 407 682 461 ΜΒ.
705 407 749 465 ΙΙ,
770 398 824 480 46.
1227 413 1290 484 519

133 577 219 635 terra
246 589 365 652 nempe
392 567 587 654 moveatur),
609 591 648 634 ac
671 569 773 635 etiam
793 591 858 634 non
882 570 968 636 bene
991 569 1186 636 informatus
1195 570 1221 610 ³⁶
1248 573 1290 636 de

133 674 247 738 oceani
264 683 356 737 motu
372 673 572 737 sexhorario.

176 777 227 842 At
245 775 438 860 exemplum
459 775 557 858 hujus
573 776 618 840 rei
633 778 677 842 de
691 799 758 860 qua
778 775 896 860 agitur,
912 777 1075 853 videlicet,
1093 780 1135 843 de
1155 799 1289 862 compa·

134 881 245 944 rativis
262 880 421 943 mensuris
437 889 597 958 motuum,
614 901 722 963 neque
745 882 852 946 solum
876 881 922 944 rei
945 882 1055 964 ipsius,
1074 879 1132 946 sed
1157 891 1191 946 et
1213 903 1291 946 usus

135 983 271 1065 insignis
286 981 357 1063 ejus
372 979 429 1066 (de
445 1003 510 1065 quo
526 983 625 1066 paulo
640 994 719 1048 ante
735 985 863 1066 loquuti
885 983 1021 1072 sumus),
1038 987 1161 1050 eminet
1182 987 1215 1049 in
1234 1007 1290 1050 cu-

135 1085 249 1148 niculis
274 1084 502 1164 subterraneis,
529 1086 562 1149 in
588 1087 709 1168 quibus
736 1086 917 1150 collocatur
943 1089 1050 1170 pulvis
1073 1090 1206 1172 pyrius;
1233 1089 1290 1152 ubi

135 1188 316 1252 immensae
329 1187 432 1252 moles
447 1197 562 1268 terrae,
575 1189 809 1266 aedificiorum,
822 1200 854 1253 et
866 1191 1035 1268 similium,
1047 1193 1290 1270 subvertuntur,

135 1301 168 1356 et
195 1293 229 1356 in
254 1293 359 1357 altum
383 1292 559 1375 jaciuntur,
584 1315 604 1358 a
631 1294 749 1376 pusilla
775 1295 964 1376 quantitate
990 1295 1133 1377 pulveris
1160 1296 1290 1378 pyrii³⁷.

136 1395 240 1478 Cujus
255 1418 353 1461 causa
370 1417 431 1480 pro
444 1407 534 1462 certo
550 1398 605 1462 illa
621 1407 680 1476 est,
693 1399 784 1481 quod
799 1407 908 1462 motus
920 1399 1123 1463 dilatationis
1138 1400 1290 1481 pulveris,

134 1501 191 1582 qui
210 1500 358 1584 impellit,
375 1502 486 1565 multis
507 1501 656 1584 partibus
679 1501 721 1565 sit
739 1500 910 1584 pernicior,
925 1522 1026 1584 quam
1052 1511 1161 1565 motus
1183 1502 1290 1584 gravi·

133 1604 212 1667 tatis
227 1624 401 1686 perquem
420 1604 489 1668 fieri
512 1605 617 1687 possit
639 1603 751 1686 aliqua
775 1604 978 1682 resistentia;
1001 1605 1087 1668 adeo
1110 1614 1147 1668 ut
1165 1605 1291 1686 primus

134 1717 244 1770 motus
259 1707 448 1789 perfunctus
464 1708 516 1786 sit,
531 1716 713 1790 antequam
737 1716 847 1771 motus
868 1708 1025 1772 adversus
1048 1709 1226 1790 inceperit3
1253 1717 1291 1772 ut

134 1810 167 1872 in
183 1811 350 1894 principiis
366 1810 501 1874 nullitas
516 1813 681 1894 quaedam
697 1811 741 1874 sit
756 1811 972 1876 resistentiae.
1018 1811 1108 1875 Hinc
1123 1811 1224 1875 etiam
1243 1811 1290 1890 fit,

135 1915 224 1995 quod
240 1913 272 1978 in
288 1914 378 1978 omni
395 1915 517 1994 missili,
534 1915 626 1994 ictus,
642 1936 708 1979 non
725 1925 795 1978 tam
817 1915 972 1979 robustus
995 1936 1095 1998 quam
1117 1925 1234 1979 acutus
1256 1925 1290 1978 et

135 2017 229 2092 celer,
248 2019 291 2082 ad
314 2017 532 2100 perlationem
555 2019 765 2102 potissimum
787 2017 907 2083 valeat.
953 2019 1073 2100 Neque
1096 2019 1197 2082 etiam
1221 2017 1289 2082 fieri

134 2121 306 2202 potuisset,
322 2131 359 2186 ut
374 2142 475 2203 parva
491 2123 658 2205 quantitas
674 2122 807 2206 spiritus
821 2123 972 2186 animalis
981 2120 1007 2159 ³⁸
1026 2123 1059 2185 in
1080 2122 1289 2198 animalibus,

134 2225 326 2306 praesertim
342 2225 375 2288 in
391 2235 461 2290 tarn
478 2227 581 2290 vastis
602 2226 793 2308 corporibus
815 2226 926 2307 qualia
949 2235 1026 2290 sunt
1048 2227 1209 2290 balaenae
1231 2235 1290 2289 aut

134 2327 310 2409 elephanti,
327 2337 457 2394 tantam
482 2329 604 2394 molem
627 2348 818 2412 corpoream
842 2327 989 2392 flecteret
1012 2338 1046 2393 et
1069 2338 1208 2411 regeret,
1228 2330 1289 2390 nisi

134 2441 270 2514 propter
283 2432 494 2497 velocitatem
511 2443 621 2497 motus
640 2433 782 2516 spiritua,
800 2442 834 2496 et
855 2431 1092 2496 hebetudinem
1114 2452 1290 2513 corporeae

135 2537 240 2614 molis,
256 2547 419 2619 quatenus
434 2537 477 2601 ad
494 2538 737 2620 expediendam
754 2556 848 2599 suam
865 2535 1093 2600 resistentiam.

179 2639 341 2722 Denique,
357 2640 420 2705 hoc
439 2661 541 2704 unum
566 2661 610 2704 ex
632 2639 816 2722 praecipuis
838 2639 1063 2703 fundamentis
1086 2648 1137 2703 est
1160 2637 1290 2719 experi-

136 2753 321 2807 mentorum
338 2745 548 2828 magicorum,
565 2742 606 2809 de
625 2744 745 2827 quibus
761 2764 842 2807 mox
859 2744 1006 2807 dicemus
1016 2742 1041 2779 ³⁰
1055 2769 1062 2821 ;
1095 2743 1149 2805 ubi
1166 2743 1290 2806 scilicet

135 2868 236 2930 parva
259 2849 362 2912 moles
382 2849 540 2912 materiae
562 2847 661 2931 longe
685 2847 844 2929 majorem
867 2857 1001 2928 superat
1025 2856 1058 2910 et
1081 2847 1115 2910 in
1138 2847 1288 2910 ordinem

135 2953 272 3033 redigit:
303 2951 376 3030 hoc,
400 2952 544 3034 inquam,
567 2953 594 3015 si
618 2951 687 3016 fieri
710 2952 815 3033 possit
844 2951 1028 3015 anteversio
1056 2959 1208 3015 motuum
1231 2971 1290 3032 per
1335 2973 1338 2980 ⁴

134 3058 345 3122 velocitatem
362 3058 466 3136 unius,
482 3065 661 3140 antequam
677 3057 761 3121 alter
776 3079 811 3122 se
829 3057 998 3140 expediat.

179 3161 360 3239 Postrem0,
382 3161 446 3224 hoc
465 3162 573 3243 ipsum
600 3161 705 3226 Prius
730 3171 764 3225 et
789 3160 959 3224 Posterius
984 3161 1017 3224 in
1044 3160 1135 3225 omni
1161 3159 1291 3226 actione

135 3265 274 3330 naturali
297 3266 403 3329 notari
426 3265 547 3344 debet,
577 3266 680 3331 veluti
703 3267 794 3348 quod
818 3267 850 3328 in
873 3265 1035 3329 inlusione
1062 3265 1290 3330 rhabarbari⁴⁰

135 3368 283 3434 eliciatur
305 3370 478 3452 purgativa
499 3369 549 3432 vis
571 3370 668 3452 prius,
690 3369 857 3435 astrictiva
880 3378 975 3453 post;
1003 3369 1108 3433 simile
1130 3371 1290 3451 quiddam

134 3683 197 3736 may
213 3683 293 3720 mean
309 3666 425 3735 nothing
442 3683 520 3720 more
538 3665 605 3720 than
622 3665 683 3719 that
696 3666 803 3719 Galileo
820 3667 947 3720 assumed
966 3665 1039 3719 what
1058 3664 1188 3734 required
1206 3671 1237 3717 to
1255 3663 1290 3717 be

134 3767 202 3866 1³er
203 3750 263 3888 eSdee
276 3833 324 3889 the
336 3850 447 3903 passage
460 3850 497 3886 on
510 3832 558 3888 the
572 3833 659 3888 Tides
672 3834 699 3886 in
713 3831 783 3901 Aph.
799 3835 830 3898 36
847 3831 897 3902 (ι).

170 3915 192 3947 ⁸⁷
213 3918 244 3970 ln
263 3917 416 3986 describing
436 3917 565 3984 Blasting,
583 3933 612 3970 as
630 3917 685 3970 Mr.
700 3915 815 3969 Kitchin
834 3915 970 3982 observes,
987 3915 1081 3969 Bacon
1100 3913 1225 3968 confuses
1240 3912 1288 3967 the

134 4000 282 4055 resistance
295 4001 327 4055 of
337 4002 436 4056 inertia
449 4000 515 4054 with
529 4001 577 4054 the
590 3999 667 4054 force
680 3999 712 4054 of
726 3998 841 4068 gravity.
879 3997 973 4052 There
991 3999 1013 4051 is
1029 3999 1057 4050 in
1071 3997 1146 4051 these
1160 4013 1236 4050 cases
1254 4013 1291 4051 no

134 4084 330 4154 ‘anticipation
343 4084 375 4138 of
384 4085 508 4154 motion,'
523 4085 694 4138 ‘anteversio
707 4083 816 4150 motus,’
829 4099 858 4136 as
871 4081 964 4136 Bacon
982 4083 1047 4137 calls
1065 4083 1086 4135 it
1104 4081 1171 4135 here
1189 4081 1244 4134 and
1262 4082 1290 4134 in

134 4169 383 4306 AQhssacon’s
395 4251 505 4306 curious
521 4251 686 4320 conception
704 4247 736 4304 of
751 4249 869 4319 ‘spirit’
882 4265 926 4318 cp.
940 4247 1010 4320 nph.
1027 4267 1060 4316 40
1073 4247 1128 4304 and
1145 4243 1192 4301 the
1209 4246 1291 4300 other

134 4350 259 4404 passages
272 4333 395 4388 referred
407 4341 438 4387 to
451 4335 478 4387 in
491 4335 539 4388 the
553 4339 632 4388 notes
644 4350 680 4387 on
693 4333 754 4388 that
767 4333 924 4402 Aphorism.

170 4415 193 4448 ³⁹
211 4419 262 4470 See
276 4417 347 4486 Aph.
362 4435 404 4484 ⁵1·

170 4497 194 4532 ‘⁰
214 4499 355 4556 Rhubarb.
392 4502 443 4569 Cp.
457 4501 535 4572 Sylva
548 4499 698 4572 sylvarum,
712 4499 782 4572 Exp.
795 4517 835 4567 19.
