3220 5102
303 413 367 496 556
679 421 837 478 NOVUM
858 421 1077 478 ORGANUM.

303 583 541 666 potentissimis
557 603 730 668 corporum
751 584 1037 667 pneumaticorum
1051 583 1228 649 virtutibus
1243 579 1354 669 (quae
1374 580 1468 645 aliter

303 699 462 771 tanquam
486 688 637 772 pulveres
660 690 779 754 minuti
804 698 957 754 natarent
981 691 1014 752 in
1036 685 1166 774 vacuo),
1191 697 1224 753 et
1249 687 1375 751 multis
1399 684 1470 748 aliis

250 825 256 837 ·
303 793 647 872 demonstrationibus,
672 793 767 857 nobis
800 793 880 856 satis
910 792 1024 876 liquet.
1070 791 1205 876 Reliqui
1234 812 1317 855 vero
1353 790 1469 852 Motus

305 905 421 978 regunt
452 907 485 961 et
516 905 674 978 reguntur
703 897 852 972 invicem,
876 917 936 978 pro
966 896 1149 960 rationibus
1177 895 1313 978 vigoris,
1340 892 1470 975 quanti,

304 999 512 1080 incitationis,
538 1000 775 1083 ejaculationis,
804 1019 933 1063 necnon
963 1009 1035 1064 tum
1066 999 1267 1063 auxiliorum
1298 1007 1380 1059 tum
1412 996 1470 1057 im·

304 1104 569 1184 pedimentorum
585 1125 670 1187 quae
685 1113 868 1172 occurrunt.

320 1206 508 1290 'Exempli
540 1209 668 1291 gratia:
708 1229 845 1290 magnes
875 1216 1023 1272 armatus
1053 1206 1229 1271 nonnullus
1265 1205 1407 1270 detinet
1439 1211 1471 1264 et

306 1312 479 1394 suspendit
499 1313 629 1391 ferrum,
649 1313 692 1376 ad
713 1311 971 1395 sexagecuplum
993 1312 1124 1394 pondus
1143 1311 1264 1393 ipsius;
1296 1329 1342 1372 eo
1366 1325 1471 1389 usque
1569 1315 1570 1318 ’

305 1416 495 1481 dominatur
507 1425 616 1482 motus
627 1417 883 1499 congregationis
894 1416 1032 1480 minoris
1043 1434 1141 1498 super
1152 1423 1279 1479 motum
1290 1432 1472 1494 congrega-

306 1520 403 1584 tionis
415 1521 568 1603 majoris·
592 1522 681 1603 quod
693 1522 719 1584 si
733 1520 839 1603 majus
851 1521 948 1584 suerit
961 1521 1099 1604 pondus,
1110 1519 1305 1583 succumbit.
1351 1516 1471 1580 Vectis

305 1625 390 1688 tanti
407 1625 532 1690 roboris
548 1625 735 1689 sublevabit
750 1633 882 1689 tantum
903 1624 1055 1708 pondus3
1085 1645 1125 1688 eo
1145 1643 1249 1706 usque
1271 1621 1472 1685 dominatur

306 1739 416 1793 motus
446 1729 607 1794 libertatis
637 1750 736 1812 super
765 1737 894 1792 motum
923 1729 1181 1811 congregationis
1211 1726 1381 1810 majoris,·
1421 1725 1470 1788 sin

306 1833 414 1915 majus
428 1833 525 1898 fuerit
541 1835 681 1917 pondus,
698 1834 891 1899 succumbit.
936 1833 1070 1899 Corium
1086 1842 1217 1897 tensum
1232 1832 1275 1895 ad
1291 1841 1470 1895 tensuram

305 1936 408 1999 talem
439 1958 505 2000 non
537 1939 718 2021 rumpitur;
752 1959 792 2002 eo
822 1958 928 2020 usque
958 1939 1148 2002 dominatur
1177 1944 1287 1999 motus
1319 1934 1471 1998 continu·

305 2039 426 2102 ationis
441 2061 539 2122 super
554 2050 682 2105 motum
703 2052 851 2106 tonsurae
859 2065 874 2117 ,·
905 2042 996 2124 quod
1011 2043 1038 2106 si
1055 2041 1188 2105 ulterior
1203 2039 1300 2103 fuerit
1320 2048 1470 2112 tensura,

306 2143 467 2224 rumpitur
489 2145 622 2220 corium,
647 2154 680 2209 et
703 2145 887 2210 succumbit
918 2154 1028 2210 motus
1056 2143 1314 2209 continuationis.
1361 2141 1472 2223 Aqua

307 2266 366 2327 per
376 2247 491 2310 rimam
504 2247 733 2330 perforationis
743 2250 819 2313 talis
830 2249 948 2329 effluit;
972 2270 1012 2313 eo
1025 2270 1129 2332 usque
1144 2247 1336 2312 dominatur
1351 2254 1471 2309 motus

304 2351 560 2432 congregationis
581 2352 718 2436 morsorii·
740 2374 839 2437 super
862 2363 990 2417 motum
1014 2353 1285 2425 continuationis,·
1317 2351 1417 2433 quod
1445 2349 1471 2411 si

308 2455 415 2518 minor
436 2455 533 2520 fuerit
556 2457 647 2534 rima,
670 2458 863 2535 succumbit,
888 2467 921 2522 et
943 2457 1045 2522 vincit
1068 2466 1178 2521 motus
1201 2453 1470 2519 continuationis.

309 2557 347 2621 In
364 2560 498 2642 pulvere
513 2561 677 2645 sulphuris
693 2563 793 2626 solius
807 2561 976 2626 immissi⁶⁶
994 2562 1027 2625 in
1043 2561 1227 2644 sclopetum
1243 2581 1320 2624 cum
1336 2558 1419 2642 pila,
1436 2567 1470 2620 ct
1571 2565 1572 2608 l

307 2663 445 2728 admoto
469 2665 553 2748 igne,
569 2687 636 2730 non
659 2667 821 2730 emittitur
843 2667 929 2749 pila3
960 2666 994 2731 in
1017 2686 1057 2729 eo
1075 2674 1185 2729 motus
1205 2663 1471 2746 congregationis

307 2769 445 2850 majoris
470 2771 572 2836 vincit
599 2781 727 2836 motum
753 2771 849 2853 hyles.
893 2769 944 2835 At
970 2772 1004 2834 in
1030 2770 1164 2853 pulvere
1189 2769 1285 2852 pyrio
1312 2769 1469 2831 immisso

306 2872 409 2937 vincit
443 2885 552 2939 motus
584 2875 671 2958 hyles
703 2877 736 2939 in
769 2875 932 2958 sulphure,
964 2875 1098 2956 adjutus
1132 2873 1275 2938 motibus
1306 2872 1400 2954 hylas
1435 2880 1468 2934 et

299 2975 407 3058 fugae
423 2978 455 3040 in
475 2979 571 3043 nitr0.
617 2980 663 3043 Et
682 2981 728 3044 sic
748 2981 791 3044 de
809 2981 955 3044 caeteris.
1000 2978 1136 3044 Etenim
1160 2978 1336 3042 instantiae
1359 2977 1467 3040 luctae

308 3076 408 3164 (quae
429 3081 575 3147 indIcant
590 3083 912 3165 praedominantiam
934 3085 1102 3160 virtutum,
1118 3093 1152 3150 et
1173 3083 1354 3147 secundum
1382 3101 1467 3164 quas

309 3182 451 3246 rationes
477 3195 511 3248 et
538 3186 682 3250 calculos
704 3189 998 3270 praedominentur
1020 3197 1053 3252 et
1076 3183 1307 3269 succumbant)
1333 3185 1404 3249 acri
1432 3193 1466 3247 et

308 3286 423 3349 sedula
438 3287 609 3370 diligentia
624 3292 770 3374 undique
785 3302 862 3356 sunt
878 3292 1131 3378 conquirendae.

352 3388 466 3453 Etiam
483 3393 572 3455 modi
588 3402 621 3457 et
643 3396 785 3460 rationes
806 3396 908 3478 ipsius
929 3395 1196 3460 succumbentiae
1215 3404 1367 3457 motuum
1391 3391 1466 3456 dili-

308 3502 424 3576 genter
445 3505 522 3560 sunt
544 3497 829 3581 introspiciendae.
875 3501 1015 3582 Nempe,
1031 3520 1074 3564 an
1097 3499 1233 3563 omnino
1255 3505 1396 3572 cessent,
1411 3495 1464 3559 vel

308 3599 419 3681 potius
445 3621 550 3682 usque
577 3603 733 3680 nitantur,
761 3606 820 3668 sed
848 3604 1000 3687 ligentur.
1046 3602 1181 3667 Etenim
1208 3601 1241 3664 in
1271 3600 1465 3680 corporibus

308 3702 361 3767 hic
388 3705 475 3786 apud
503 3725 572 3783 nos,
600 3706 690 3770 nulla
716 3728 794 3771 vera
825 3717 874 3771 est
900 3707 1002 3790 quies,
1032 3727 1093 3770 nec
1119 3707 1153 3769 in
1180 3705 1316 3787 integris
1342 3723 1404 3766 nec
1430 3702 1465 3764 in

309 3806 473 3886 partibus3
497 3810 555 3872 sed
572 3820 702 3874 tantum
718 3811 899 3876 secundum
915 3809 1185 3894 apparentiamssi.
1231 3807 1335 3894 Quies
1350 3816 1463 3870 autem

309 4000 342 4054 oi
351 4003 399 4056 air.
431 4003 586 4073 Supposing
598 4005 659 4064 that
672 4007 975 4062 nineteen·tweutieths
987 4007 1020 4061 oi
1029 4009 1077 4061 the
1087 4007 1151 4075 gold
1163 4006 1301 4061 consisted
1313 4005 1346 4059 of
1355 4003 1465 4073 vacuity

310 4083 435 4154 (perhaps
454 4094 504 4141 not
521 4105 556 4143 an
575 4097 753 4158 extravagant
771 4092 944 4157 calculation,
961 4091 1042 4144 when
1061 4109 1103 4145 we
1120 4090 1248 4146 consider
1264 4090 1312 4143 the
1329 4087 1463 4157 supposed

308 4168 416 4239 density
429 4170 461 4225 of
479 4173 527 4226 the
547 4173 642 4228 bodies
664 4176 691 4228 in
710 4175 757 4229 the
777 4177 893 4229 interior
914 4175 945 4229 of
962 4175 1011 4230 the
1029 4174 1130 4245 earth),
1150 4176 1197 4228 the
1215 4175 1287 4227 ratio
1305 4171 1339 4226 of
1355 4173 1463 4240 vacuity

308 4251 336 4304 in
347 4254 476 4309 thesame
485 4258 600 4326 weights
608 4258 640 4312 of
647 4261 687 4313 air
696 4259 750 4313 and
759 4261 823 4327 gold
833 4259 954 4314 would=
965 4265 1031 4326 ¹⁸99
1042 4261 1209 4338 ÷}3:}g=
1224 4254 1462 4326 (approximately)

310 4352 454 4440 Q‘toss‘ffl
464 4375 470 4412 :
481 4355 634 4431 {3:2000
644 4373 651 4410 ι
663 4374 685 4424 ι,
698 4355 746 4409 the
759 4357 830 4410 ratio
842 4357 920 4422 given
934 4357 961 4409 in
974 4355 1023 4409 the
1035 4361 1104 4408 text.

346 4454 368 4485 ⁸⁶
387 4457 442 4510 Mr.
457 4458 522 4510 Ellis
534 4471 665 4526 proposes
677 4461 708 4510 to
720 4455 787 4510 read
800 4455 956 4509 ‘immisso’

348 4534 370 4566 ⁶⁷
388 4539 439 4590 See
457 4545 522 4592 note
536 4545 568 4603 58
581 4539 678 4593 above.
715 4538 779 4592 The
797 4539 857 4592 ‘hic
876 4539 948 4607 apud
966 4538 1033 4592 nos'
1052 4537 1075 4592 is
1091 4535 1214 4606 opposed
1231 4541 1263 4590 to
1281 4535 1330 4591 the
1348 4532 1462 4588 interior
