3220 5102
612 423 691 487 ΜΒ.
713 426 757 486 ll.
780 431 833 504 45.
1234 435 1296 506 511

145 591 378 677 progressivos‚
400 590 459 656 sed
482 591 690 674 sphaericos;
720 591 784 656 hoc
807 601 866 670 est,
889 591 932 656 ad
959 591 1197 677 expansionem
1224 615 1295 660 cor·

143 719 262 781 porum
283 699 316 761 in
338 697 497 779 majorem
518 698 701 780 sphaeram,
715 707 773 761 aut
791 698 1049 762 contractionem
1069 701 1102 762 in
1124 701 1294 766 minorem.

145 803 380 884 Inquirendum
399 802 486 864 enim
503 810 553 864 est
568 803 654 865 inter
669 821 838 865 mensuras
858 802 938 865 istas
957 812 1117 881 motuum,
1134 813 1293 886 quantam

144 907 424 988 compressionem
440 914 498 969 aut
515 906 744 969 extensionem
759 925 898 987 corpora
912 901 986 991 (pro
1002 917 1119 971 natura
1135 907 1293 989 ipsorum)

145 1008 240 1073 facile
266 1019 300 1074 et
325 1009 464 1072 libenter
487 1009 662 1090 patiantur,
690 1017 724 1071 et
750 1009 794 1072 ad
819 1030 917 1091 quem
941 1013 1117 1074 terminum
1141 1011 1293 1075 reluctari

145 1113 312 1194 incipiant,
336 1112 420 1176 adeo
443 1122 480 1175 ut
503 1113 545 1176 ad
570 1123 757 1176 extremum
779 1113 858 1174 Non
886 1112 984 1177 Ultra
1006 1114 1132 1192 ierant3
1159 1125 1195 1179 ut
1218 1137 1294 1180 cum

146 1217 254 1280 vesica
277 1215 391 1280 inflata
416 1217 652 1299 comprimitur,
671 1217 810 1280 sustinet
833 1215 888 1279 illa
912 1219 1189 1299 compressionem
1212 1241 1295 1284 non·

147 1320 272 1384 nullam
288 1320 379 1398 ae'ris,
396 1323 455 1383 sed
470 1321 497 1383 si
513 1319 620 1402 major
633 1320 739 1399 fuerit,
754 1340 819 1383 non
835 1320 959 1402 patitur
973 1327 1036 1395 aer,
1053 1323 1111 1386 sed
1134 1325 1296 1406 rumpitur

146 1424 263 1488 vesica.

191 1527 241 1592 At
257 1550 317 1594 nos
332 1530 396 1594 hoc
412 1532 520 1613 ipsum
536 1530 706 1596 subtiliore
721 1530 951 1612 experimento
968 1528 1072 1612 magis
1088 1541 1206 1595 exacte
1221 1553 1296 1614 pro·

144 1631 305 1697 bavimus.
348 1633 550 1716 Accepimus
568 1635 655 1698 enirn
672 1633 904 1715 campanulum
920 1621 965 1696 ex
980 1633 1124 1711 metallo,
1140 1633 1296 1701 leviorem

146 1735 269 1800 scilicet
297 1747 330 1801 et
354 1739 546 1815 tenuiorem,
570 1737 659 1820 quali
683 1739 727 1802 ad
755 1737 990 1819 excipiendum
1020 1737 1123 1801 salem
1155 1739 1297 1818 utimur;

148 1861 287 1924 eamque
310 1843 343 1905 in
365 1841 488 1925 pelvim
509 1863 615 1924 aquae
633 1842 837 1919 immisimus,
852 1843 899 1904 ita
919 1851 956 1904 ut
975 1843 1164 1923 deportaret
1184 1864 1296 1907 secum

147 1952 256 2009 aerem
278 1946 334 2028 qui
355 1947 586 2010 continebatur
607 1947 641 2008 in
665 1967 808 2010 concavo
831 1965 936 2028 usque
958 1947 1000 2009 ad
1019 1946 1157 2010 fundum
1180 1948 1296 2030 pelvis.

148 2047 391 2113 Locaveramus
417 2059 529 2114 autern
556 2049 645 2131 prius
669 2043 901 2132 globulum'in
928 2048 1030 2113 fundo
1057 2050 1170 2132 pelvis,
1197 2072 1296 2134 super

148 2173 247 2234 quem
273 2153 470 2235 campanula
496 2154 698 2235 imponenda
724 2163 818 2217 esset.
864 2153 976 2236 Quare
1005 2153 1085 2217 illud
1112 2156 1294 2232 eveniebat,

147 2266 184 2321 ut
214 2258 241 2320 si
269 2257 422 2340 globulus
448 2257 504 2321 ille
534 2266 621 2321 esset
651 2257 851 2320 minusculus
881 2255 955 2342 (pro
981 2259 1108 2343 ratione
1137 2260 1295 2346 concavi),

147 2360 305 2443 reciperet
328 2383 363 2425 se
385 2369 441 2425 ae'r
463 2363 496 2425 in
519 2361 629 2425 locum
654 2361 823 2438 minorem,
846 2371 879 2424 et
902 2364 1150 2427 contruderetur
1179 2365 1295 2444 solum,

148 2487 214 2530 non
248 2467 488 2531 extruderetur.
539 2465 639 2548 Quod
670 2465 697 2528 si
726 2465 910 2547 grandioris
940 2475 1027 2530 esset
1058 2468 1293 2549 magnitudinis

148 2591 248 2653 quam
281 2578 317 2634 ut
349 2577 405 2633 aer
434 2570 574 2633 libenter
604 2569 744 2643 cederet,
767 2578 840 2632 turn
874 2575 929 2632 ae'r
962 2569 1093 2650 majoris
1126 2591 1295 2651 pressurae

148 2675 324 2758 impatiens
341 2673 571 2758 campanulam
594 2694 638 2737 ex
661 2672 773 2755 aliqua
795 2680 889 2754 parte
912 2671 1072 2751 elevabat,
1088 2681 1122 2737 et
1145 2674 1178 2736 in
1196 2674 1295 2740 bullis

147 2780 357 2845 ascendebat.

193 2884 353 2949 Etiamad
360 2884 568 2966 probandum
578 2880 977 2966 qualenrextensionem¹⁷
988 2879 1068 2968 (non
1080 2883 1187 2946 minus
1199 2906 1298 2966 quam

149 2985 442 3073 compressionem)
468 2996 636 3070 pateretur
662 2995 726 3065 aer,
741 2987 808 3051 tale
834 2987 1004 3070 quippiam
1035 2989 1296 3069 practicavimus.

101 3092 107 3106 '
150 3091 261 3158 Ovum
272 3094 412 3156 vitreum
428 3093 625 3175 accepimus,
637 3113 711 3156 curn
726 3113 828 3175 parvo
843 3092 1004 3156 foramine
1015 3093 1048 3155 in
1065 3113 1130 3156 uno
1146 3103 1298 3158 extremo

149 3198 211 3262 ovi.
250 3197 374 3261 Aerem
390 3196 605 3280 perforamen
624 3199 801 3261 exuctione
816 3195 893 3260 sorti
908 3197 1117 3270 attraximus,
1135 3207 1168 3260 et
1184 3199 1298 3262 statim

149 3301 255 3383 digito
270 3300 417 3364 foramen
433 3300 512 3363 illud
532 3300 767 3378 obturavimus,
783 3309 817 3363 et
832 3321 930 3362 ovum
950 3300 983 3363 in
999 3320 1120 3380 aquarn
1138 3301 1297 3366 immersi·

148 3425 229 3483 mus,
247 3412 281 3468 et
299 3405 375 3468 dein
400 3405 539 3486 digitum
563 3404 770 3468 removimus.
815 3402 886 3468 Ae'r
907 3424 984 3468 vero
1007 3412 1139 3468 tensura
1163 3405 1218 3468 illa
1239 3427 1298 3488 per

149 3509 361 3572 exustionem
377 3506 464 3571 sacta
479 3516 584 3571 tortus
599 3517 633 3571 et
649 3509 755 3591 magis
770 3528 871 3591 quam
888 3529 947 3590 pro
963 3517 1079 3571 natura
1099 3529 1159 3570 sua
1179 3508 1297 3572 dilata-

149 3621 212 3690 tuS,
228 3613 368 3695 ideoque
390 3633 425 3676 se
443 3613 586 3694 recipere
609 3621 643 3677 et
665 3611 857 3676 contrahere
880 3613 987 3676 nitens
1011 3609 1071 3695 (ita
1093 3619 1130 3672 ut
1148 3611 1174 3673 si
1198 3631 1296 3674 ovum

149 3714 229 3779 illud
252 3717 423 3798 inaquam
444 3735 510 3779 non
531 3715 645 3778 suisset
663 3715 866 3790 immersum,
882 3723 991 3778 ae'rem
1013 3715 1121 3794 ipsum
1142 3714 1298 3777 traxisset

150 3840 224 3884 curn
251 3817 370 3904 sibilo),
396 3839 517 3902 aquam
545 3817 647 3882 traxit
673 3818 716 3881 ad
743 3815 810 3880 tale
837 3827 997 3898 quantum
1025 3816 1122 3898 quale
1151 3815 1297 3881 sufficere

185 4039 206 4074 ¹⁷
225 4044 312 4111 Thus,
325 4043 420 4099 Bacon
441 4043 602 4110 recognised
622 4042 671 4096 the
693 4041 836 4110 Elasticity
857 4041 889 4094 of
906 4043 962 4109 Air,
976 4042 1035 4109 but,
1048 4058 1077 4095 as
1096 4042 1147 4095 Dr.
1161 4042 1297 4095 Wbewell

147 4127 270 4182 remarks
290 4128 418 4198 (History
438 4127 470 4180 oi
485 4126 534 4181 the
555 4125 697 4180 Inductive
722 4126 858 4191 Sciences,
876 4125 924 4179 blr.
947 4143 973 4178 x.
993 4125 1037 4178 cb.
1062 4143 1085 4191 3.
1104 4132 1173 4179 sect.
1195 4122 1230 4192 ι),
1249 4126 1298 4178 the

149 4211 236 4265 broad
257 4211 327 4266 laets
348 4211 438 4266 which
462 4212 567 4265 exhibit
589 4209 643 4264 this
659 4208 862 4279 ‘phenomenon
887 4225 933 4262 are
959 4208 1094 4276 tolerably
1113 4208 1234 4262 evident.
1272 4209 1298 4261 lt

148 4297 231 4350 isthe
248 4297 393 4351 reduction
412 4296 444 4349 of
459 4297 535 4350 them
553 4302 584 4348 to
602 4295 653 4350 law
670 4294 723 4348 and
742 4299 944 4347 measuremerrt
963 4293 1051 4346 which
1063 4293 1112 4346 has
1128 4293 1297 4346 constituted

148 4379 196 4434 the
218 4380 351 4435 meritos
371 4380 420 4433 the
439 4380 595 4434 researches
618 4379 650 4433 of
672 4378 759 4447 Boyle
782 4377 836 4431 and
860 4377 961 4430 others.
1000 4378 1036 4428 ht
1057 4375 1104 4430 the
1126 4391 1200 4428 same
1218 4376 1295 4441 tirne,

149 4462 242 4520 Bacon
263 4465 349 4532 ought
369 4470 400 4518 to
421 4465 488 4519 have
510 4465 558 4518 the
577 4464 666 4518 credit
684 4463 718 4517 of
732 4463 780 4517 the
801 4461 931 4530 curiosity
950 4461 1039 4515 which
1056 4462 1092 4519 he
1113 4461 1163 4515 felt
1183 4477 1219 4514 on
1241 4462 1296 4515 this

146 4547 264 4618 subject,
276 4549 331 4603 and
343 4549 375 4603 of
383 4549 431 4604 the
444 4550 505 4603 idea
516 4549 549 4603 oi
558 4549 712 4616 iustituting
724 4547 909 4616 experiments
922 4562 958 4600 on
971 4546 1000 4602 it.
1039 4609 1048 4627 ο
