3306 5102
339 470 405 542 450
717 469 875 524 NOVUM
896 470 1112 527 ORGANUM.

341 642 375 697 et
405 643 564 714 tanquam
596 645 829 713 emortuarum,
860 657 919 719 per
948 637 1105 720 exiguum
1135 645 1285 719 teporem
1316 636 1422 720 ignis;
1460 647 1500 700 ut

339 737 435 801 facile
451 759 563 803 cernas
579 760 644 802 non
661 742 767 822 magis
786 750 942 822 negatum
959 763 1031 804 esse
1049 742 1116 823 igni
1131 741 1296 805 vivificare
1311 743 1500 805 animantia

341 863 441 924 quam
467 852 631 908 maturare
654 845 862 928 vegetabilia.
916 845 1029 909 Etiam
1056 847 1228 910 inventum
1255 845 1336 910 illud
1363 847 1499 909 celebre

341 946 569 1011 Fracastorii¹⁹
595 950 637 1011 de
663 950 828 1030 sartagine
858 949 976 1012 acriter
1005 947 1175 1026 calefacta,
1201 971 1267 1032 qua
1297 951 1498 1013 circundant

341 1051 459 1114 medici
481 1052 589 1132 capita
612 1051 890 1134 apoplecticorum
917 1053 1175 1133 desperatorum,
1198 1055 1360 1136 expandit
1387 1055 1497 1116 mani-

342 1151 424 1217 feste
435 1155 568 1235 spiritus
582 1155 741 1218 animales
757 1155 799 1218 ab
815 1155 1006 1218 humoribus
1022 1164 1055 1218 et
1070 1156 1352 1221 obstructionibus
1368 1159 1496 1221 cerebri

341 1275 546 1338 compressos
562 1268 594 1321 et
611 1259 702 1340 quasi
720 1259 895 1336 extinctos,
910 1257 1048 1339 illosque
1066 1260 1108 1322 ad
1129 1269 1256 1323 motum
1275 1263 1409 1338 excitat,
1426 1283 1496 1326 non

341 1360 437 1424 aliter
452 1383 551 1443 quam
569 1363 652 1444 ignis
667 1372 822 1444 operatur
840 1363 872 1424 in
891 1383 1013 1444 aquam
1034 1371 1091 1425 aut
1115 1370 1234 1441 aerem,
1251 1373 1284 1427 et
1303 1374 1416 1428 tamen
1435 1387 1498 1448 per

341 1486 544 1548 consequens
567 1467 719 1530 vivificat.
766 1467 878 1529 Etiam
902 1487 964 1529 ova
987 1465 1166 1548 aliquando
1190 1468 1412 1532 excluduntur
1435 1491 1498 1552 per

341 1568 483 1632 calorem
507 1570 600 1652 ignis,
623 1571 656 1633 id
679 1571 769 1653 quod
793 1590 923 1652 prorsus
950 1570 1098 1633 imitatur
1124 1571 1266 1635 calorem
1294 1573 1496 1650 animalem3

341 1681 375 1736 et
402 1675 572 1755 complura
599 1657 782 1755 ejusmodi;
815 1682 851 1736 ut
877 1692 974 1736 nemo
997 1673 1149 1737 dubitare
1171 1677 1276 1756 possit
1298 1677 1375 1758 quin
1403 1677 1497 1740 calor

341 1776 425 1856 ignis
441 1779 473 1839 in
491 1778 602 1840 multis
616 1777 772 1858 subjectis
788 1775 969 1840 modificari
987 1777 1093 1858 possit
1110 1778 1153 1841 ad
1175 1779 1353 1862 imaginem
1374 1780 1497 1843 caloris

342 1879 540 1944 coelestium
550 1891 583 1943 et
599 1880 799 1943 animalium.

386 1983 544 2047 Similiter
566 1986 631 2046 sint
650 1994 787 2047 naturae
803 1984 978 2066 inquisitae
1001 1983 1114 2048 Motus
1138 1995 1171 2048 et
1195 1984 1307 2069 Quies.
1351 1987 1498 2050 Videtur

342 2108 413 2149 esse
428 2088 543 2150 divisio
556 2086 700 2156 solennis
714 2096 816 2168 atque
829 2109 872 2150 ex
889 2088 1005 2150 intima
1022 2087 1236 2170 philosophia,
1250 2090 1339 2171 quod
1355 2111 1498 2172 corpora

341 2191 501 2254 naturalia
516 2189 568 2254 vel
586 2199 703 2265 rotent,
716 2191 768 2254 vel
783 2190 930 2254 serantur
941 2200 1038 2264 recta,
1055 2190 1107 2253 vel
1123 2201 1211 2256 stent
1227 2193 1295 2256 sive
1310 2195 1496 2275 quiescant.

340 2293 414 2357 Aut
437 2297 524 2358 enim
549 2304 598 2358 est
622 2305 731 2358 motus
755 2295 824 2357 sine
847 2294 997 2371 termin0,
1013 2303 1071 2357 aut
1093 2296 1192 2358 statio
1214 2297 1247 2358 in
1269 2298 1419 2374 termino,
1435 2308 1497 2360 aut

341 2398 422 2462 latio
438 2401 480 2462 ad
497 2400 681 2462 terminum.
727 2397 777 2460 At
795 2406 905 2460 motus
924 2397 979 2459 ille
999 2399 1150 2478 perennis
1169 2401 1341 2463 rotationis
1362 2402 1499 2463 videtur

340 2522 413 2566 esse
428 2503 619 2566 coelestium
635 2501 805 2584 proprius;
837 2501 935 2564 statio
952 2502 1020 2564 sive
1035 2502 1128 2583 quies
1149 2502 1280 2566 videtur
1302 2514 1498 2587 competere

339 2605 442 2688 globo
463 2609 524 2691 ipsi
543 2618 669 2684 terrae;
691 2615 726 2669 at
749 2626 885 2687 corpora
908 2614 1036 2668 caetera
1059 2603 1185 2688 (gravia
1208 2627 1293 2688 quae
1314 2618 1437 2671 vocant
1461 2619 1500 2672 et

341 2710 434 2788 levia,
459 2722 555 2776 extra
582 2712 654 2775 loca
681 2709 805 2775 scilicet
832 2709 1115 2773 connaturalitatis
1141 2730 1220 2772 suae
1246 2710 1324 2795 sita)
1346 2711 1501 2775 seruntur

341 2825 429 2878 recta
452 2817 495 2878 ad
519 2837 645 2879 massas
663 2816 731 2877 sive
753 2813 1025 2896 congregationes
1048 2811 1225 2891 similium3
1249 2813 1333 2878 levia
1352 2836 1499 2891 sursum,

339 2941 451 2983 versus
467 2920 628 2982 ambitum
648 2918 747 2997 coeli;
770 2919 882 3000 gravia
898 2917 1060 2994 deorsum,
1075 2938 1189 2981 versus
1204 2925 1335 2981 terram.
1375 2918 1500 3001 Atque

341 3024 404 3084 ista
419 3023 555 3104 pulchra
571 3024 661 3086 dictu
677 3031 753 3085 sunt
763 3020 799 3086 ⁶⁰.

376 3239 398 3271 ⁴⁹
418 3241 442 3292 lt
458 3241 479 3294 is
492 3242 595 3294 related
608 3241 641 3294 of
649 3241 704 3295 this
717 3239 912 3307 distinguished
927 3240 1064 3309 physician
1079 3240 1161 3310 (born
1174 3247 1203 3292 at
1216 3241 1327 3294 Verona
1338 3246 1388 3306 148
1393 3259 1417 3307 3,
1431 3242 1499 3295 died

344 3343 354 3376 r
360 3340 391 3388 55
397 3323 423 3394 3)
437 3325 507 3391 that,
520 3327 653 3393 apoplexy
667 3325 764 3391 having
780 3323 910 3391 deprived
928 3323 985 3376 him
1003 3322 1034 3375 of
1046 3324 1094 3377 the
1108 3340 1155 3376 use
1167 3323 1199 3376 of
1213 3325 1322 3392 speech,
1335 3323 1370 3376 he
1384 3326 1466 3377 made
1482 3341 1500 3377 a

340 3408 398 3474 sign
416 3414 449 3460 to
467 3407 507 3459 his
525 3413 647 3459 servants
664 3413 695 3459 to
712 3407 793 3475 apply
805 3405 1037 3473 cupping-glasses
1055 3413 1086 3458 to
1101 3406 1143 3458 his
1160 3405 1246 3474 head;
1266 3407 1324 3475 but,
1342 3414 1394 3460 not
1410 3407 1500 3474 being

340 3491 518 3558 understood,
531 3491 566 3543 he
579 3490 643 3542 died
657 3491 683 3542 in
696 3507 712 3543 a
725 3489 778 3543 few
791 3489 881 3542 hours.

377 3575 503 3644 Cupping
524 3576 546 3627 is
567 3573 685 3626 effected
707 3574 743 3641 by
764 3572 903 3640 rarefying
920 3572 968 3625 the
990 3572 1030 3625 air
1048 3572 1143 3626 within
1166 3571 1214 3627 the
1236 3573 1331 3640 vessel,
1353 3573 1407 3628 and
1430 3575 1500 3626 thus

340 3659 463 3728 partially
477 3659 619 3724 removing
634 3657 682 3710 the
698 3657 882 3726 atmospheric
901 3672 1026 3724 pressure
1043 3655 1116 3709 from
1134 3656 1181 3710 the
1194 3657 1303 3710 suriace
1316 3656 1347 3710 oi
1363 3658 1411 3711 the
1425 3657 1499 3724 sitin,

340 3741 429 3796 which
444 3742 617 3808 accordingly
634 3742 709 3794 rises.
747 3741 816 3793 This
831 3741 975 3809 operation
995 3741 1017 3793 is
1033 3740 1171 3808 generally
1183 3739 1312 3794 followed
1330 3740 1367 3808 by
1384 3740 1501 3808 making

340 3826 468 3879 incisions
481 3842 517 3878 on
530 3824 578 3878 the
591 3824 678 3878 raised
690 3823 806 3890 surlace,
819 3825 855 3892 by
868 3839 962 3876 means
975 3823 1032 3876 osa
1044 3823 1220 3877 scarificator.

297 3959 299 3964 .
375 3909 399 3940 ⁶⁰
418 3911 487 3962 This
504 3911 526 3963 is
543 3911 590 3962 the
609 3909 737 3978 ordinary
750 3909 916 3976 Peripatetic
932 3913 1051 3960 account
1064 3905 1095 3959 oi
1110 3907 1183 3960 what
1197 3908 1217 3959 is
1229 3907 1316 3960 called
1329 3907 1453 3959 ‘motion
1467 3906 1505 3959 ol

341 3993 520 4047 translation'
534 3993 637 4063 (φορά),
651 3994 704 4046 and
722 3993 744 4045 is
762 3993 853 4046 stated
870 3993 968 4045 almost
985 3992 1013 4044 in
1025 3990 1073 4043 the
1085 3992 1176 4044 words
1188 3989 1221 4043 os
1230 3991 1363 4044 Aristotle
1377 3989 1499 4044 himself.

341 4079 401 4143 See,
414 4083 539 4144 amongst
556 4078 637 4129 other
654 4079 753 4145 places,
766 4077 811 4128 De
826 4076 920 4141 Coelo,
934 4075 951 4127 i.
966 4093 978 4125 ο
996 4073 1052 4142 (pp.
1068 4077 1117 4126 268
1131 4074 1220 4140 b-269
1234 4072 1274 4142 b),
1286 4072 1359 4127 from
1376 4073 1468 4127 which
1484 4075 1497 4126 l

340 4166 449 4214 extract
467 4161 515 4214 the
528 4160 667 4226 following
683 4176 811 4228 passage:
831 4161 909 4212 Πᾶσα
922 4158 950 4212 δὲ
964 4157 1062 4226 κίνησιν
1075 4157 1125 4225 ὅση
1138 4158 1201 4211 κατὰ
1215 4161 1305 4224 τόπον,
1318 4155 1348 4225 ἦν
1365 4159 1499 4224 καλοῦμεν

340 4244 435 4314 φοράν,
448 4243 463 4311 ἢ
476 4244 559 4297 εὐθεῖα
572 4242 586 4310 ἢ
601 4242 684 4314 κύκλῳ
697 4241 711 4311 ἢ
725 4244 753 4297 ἐκ
765 4240 863 4297 τούτων
873 4241 956 4310 μικτή·
975 4244 1057 4296 ἁπλαῖ
1072 4243 1124 4312 γὰρ
1136 4239 1210 4296 οὗτοι
1225 4241 1272 4296 δύο
1283 4244 1369 4310 μόνοι.
1407 4239 1500 4295 Αἴτιον

341 4327 363 4380 δ’
377 4326 417 4382 ὅτι
429 4327 469 4380 καὶ
482 4328 514 4380 τὸ
526 4327 621 4399 μεγέθη
635 4329 713 4380 τοῦτο
725 4328 796 4380 ἁπλᾶ
813 4327 900 4393 μόνον,
913 4322 962 4394 ἤτ’
979 4325 1064 4379 εὐθεῖα
1081 4327 1122 4378 καὶ
1134 4324 1149 4393 r'y
1161 4324 1311 4395 περιφερής.
1342 4323 1437 4398 Κύκλῳ
1448 4325 1499 4393 μέν

340 4409 385 4464 οὖν
401 4410 474 4464 ἐστὶν
486 4409 501 4478 ἡ
513 4411 572 4478 περὶ
586 4413 616 4464 τὸ
632 4409 722 4477 μέσον,
736 4409 820 4463 εὐθεῖα
836 4407 860 4462 δ’
872 4408 887 4476 ἦ
900 4409 952 4463 ἅνω
968 4409 1010 4462 καὶ
1026 4410 1102 4464 κάτω.
1134 4408 1207 4479 Λέγω
1224 4406 1248 4462 δ’
1261 4407 1312 4462 ἅνω
1325 4411 1373 4476 μέν
1385 4409 1432 4476 τὴν
1443 4408 1497 4462 ἀπὸ

340 4497 386 4546 τοῦ
407 4493 499 4559 μέσον,
518 4495 584 4547 κάτω
603 4493 632 4546 δέ
650 4493 696 4562 τὴν
714 4493 756 4547 ἐπὶ
773 4495 803 4546 τὸ
821 4493 911 4562 μέσον.
945 4489 1023 4546 ‘lior’
1042 4492 1139 4563 ἀνάγκη
1157 4495 1245 4546 πᾶσαν
1263 4487 1392 4560 εἶναιτὴν
1409 4493 1499 4558 ἁπλῆν

338 4575 426 4646 φορὰν
436 4575 483 4644 τὴν
494 4576 542 4646 μὲν
553 4575 604 4631 ἀπὸ
615 4580 662 4630 τοῦ
677 4574 769 4646 μέσου,
782 4577 827 4646 τὴν
843 4577 868 4630 δ’
880 4577 922 4631 ἐπὶ
934 4577 964 4630 τὸ
976 4575 1067 4647 μέσον,
1079 4576 1125 4645 τὴν
1142 4575 1170 4628 δι’
1184 4576 1245 4646 περὶ
1256 4573 1287 4630 τὸ
1298 4573 1390 4646 μέσον.
1429 4575 1497 4629 The
