3220 5102
307 431 374 510 464
687 439 844 494 Jvovvn
865 439 1083 496 ononrvvn.

311 627 420 670 rursus
443 604 628 670 necessario
651 613 807 687 sequetur
830 613 867 668 ut
890 605 939 670 vis
963 606 1020 669 illa
1049 607 1244 689 magnetica,
1269 628 1345 674 cum
1368 629 1471 691 super

312 719 421 774 totum
435 710 563 791 operari
581 729 646 772 non
662 708 775 790 possit,
792 709 877 772 circa
893 709 1039 772 medium
1055 720 1209 792 operetur
1225 712 1469 790 intensissime;

313 816 359 878 ita
379 825 416 877 ut
434 835 539 896 aquas
561 814 595 876 in
614 813 724 876 medio
747 812 888 887 attollat,
908 813 983 878 illae
1006 835 1084 879 vero
1106 815 1259 880 sublatae
1282 817 1385 882 latera
1408 837 1470 900 per

312 919 553 982 successionem
570 918 723 980 deserant
739 926 773 978 et
787 915 983 981 destituant.

357 1021 476 1104 Itaque
504 1021 573 1102 jam
602 1019 738 1082 tandem
765 1029 961 1102 perventum
987 1031 1037 1084 est
1064 1022 1107 1085 ad
1138 1023 1332 1086 instantiam
1360 1025 1469 1088 crucis

311 1125 396 1188 cIrca
424 1125 487 1187 hoc
518 1123 712 1205 subjectum.
760 1123 811 1186 Ea
841 1125 918 1188 talis
943 1134 1011 1190 est:
1046 1126 1073 1188 si
1100 1126 1285 1191 inveniatur
1310 1130 1399 1210 quod
1432 1129 1466 1190 in

311 1228 491 1292 refluxibus
508 1230 606 1291 maris
622 1248 782 1312 aquarum
798 1229 986 1310 superficies
1002 1231 1035 1292 in
1055 1231 1135 1293 mari
1151 1231 1194 1294 sit
1209 1242 1343 1295 arcuata
1360 1233 1467 1314 magis

311 1341 345 1396 et
371 1334 521 1410 rotunda,
537 1331 766 1395 attollentibus
792 1351 828 1394 se
854 1332 978 1396 scilicet
1003 1334 1097 1414 aquis
1120 1333 1153 1396 in
1177 1336 1287 1399 medio
1310 1337 1410 1399 maris
1433 1345 1467 1400 et

312 1435 541 1500 deficientibus
565 1436 650 1499 circa
679 1435 792 1512 latera,
822 1455 907 1516 quae
936 1446 1012 1500 sunt
1044 1437 1160 1514 litora3
1192 1446 1226 1500 et
1257 1439 1289 1500 in
1319 1438 1469 1502 fluxibus

312 1541 429 1603 eadem
460 1539 648 1621 superficies
678 1538 720 1601 sit
754 1539 859 1620 magis
896 1540 997 1622 plana
1034 1549 1068 1602 et
1105 1561 1220 1622 aequa,
1251 1542 1469 1606 redeuntibus

312 1643 437 1708 scilicet
459 1644 553 1725 aquis
575 1643 618 1705 ad
639 1642 779 1724 priorem
803 1663 897 1704 suam
920 1643 1119 1724 positionem
1130 1643 1176 1721 ⁸³;
1200 1653 1273 1707 turn
1296 1655 1383 1708 certe
1407 1665 1471 1727 per

312 1747 397 1811 hanc
423 1747 617 1810 instantiam
643 1744 834 1810 decisoriam
864 1755 974 1827 potest
1005 1747 1105 1828 recipi
1135 1746 1278 1810 sublatio
1309 1768 1367 1830 per
1395 1749 1469 1812 vim

313 1851 544 1932 magneticam,
569 1848 664 1911 aliter
694 1869 825 1930 prorsus
855 1849 1079 1930 abjudicanda
1108 1861 1166 1913 est.
1214 1850 1290 1914 Hoc
1320 1872 1399 1914 vero
1431 1850 1468 1912 in

311 1955 403 2016 fretis
418 1974 476 2035 per
492 1954 594 2016 lineas
612 1954 759 2016 nauticas
779 1973 844 2015 non
860 1953 992 2017 difficile
1011 1963 1062 2018 est
1078 1955 1220 2036 experiri
1230 1954 1278 2034 84;
1310 1955 1469 2018 videlicet

312 2067 423 2121 utrum
440 2059 472 2119 in
489 2057 669 2120 refluxibus
683 2077 795 2120 versus
811 2058 958 2120 medium
975 2058 1080 2133 maris,
1098 2079 1187 2122 mare
1203 2080 1269 2122 non
1291 2059 1333 2122 sit
1358 2057 1469 2140 magis

312 2161 417 2224 altum
435 2161 503 2224 sive
526 2159 725 2242 profundum
748 2181 849 2243 quarn
872 2161 905 2223 in
929 2161 1084 2225 fluxibus.
1130 2162 1325 2225 Notandum
1348 2170 1467 2224 autem

314 2274 373 2344 est,
400 2266 427 2326 si
453 2264 516 2328 hoc
545 2266 592 2327 ita
617 2266 667 2340 sit,
692 2264 763 2327 fieri
788 2263 919 2349 (contra
943 2286 981 2329 ac
1006 2263 1162 2350 creditur)
1190 2276 1226 2328 ut
1249 2264 1407 2329 attollant
1429 2283 1469 2327 se

312 2390 419 2452 aquae
442 2369 475 2432 in
498 2369 687 2446 refluxibus,
706 2370 886 2433 demittant
908 2390 944 2434 se
967 2379 1099 2434 tantum
1122 2370 1155 2432 in
1181 2369 1334 2445 fluxibus,
1358 2370 1406 2432 ita
1428 2377 1470 2430 ut

315 2474 425 2536 littora
440 2474 584 2536 vestiant
599 2481 633 2536 et
647 2473 818 2536 inundent.

357 2575 408 2663 (2)
432 2576 600 2655 Similiter,
623 2577 665 2639 sit
688 2585 801 2639 natura
826 2577 982 2658 inquisita
1006 2577 1120 2641 Motus
1147 2577 1337 2640 Rotationis
1363 2596 1470 2658 spon-

314 2680 488 2759 taneus⁸⁵;
512 2692 546 2744 et
566 2681 747 2763 speciatim,
770 2691 880 2743 utrum
904 2680 1019 2744 Motus
1039 2682 1193 2760 Diurnus,
1212 2701 1270 2762 per
1292 2701 1392 2764 quem
1413 2679 1469 2744 sol

315 2797 350 2850 et
375 2786 491 2850 stellae
515 2786 558 2848 ad
583 2794 797 2866 conspectum
825 2793 973 2847 nostrum
1000 2786 1150 2849 oriuntur
1175 2794 1208 2849 et
1235 2787 1399 2862 occidunt,
1422 2785 1470 2848 sit

316 2900 425 2954 motus
444 2891 616 2952 rotationis
636 2909 731 2951 verus
753 2889 786 2950 in
809 2888 1016 2967 coelestibus
1032 2898 1090 2952 aut
1113 2898 1223 2952 motus
1245 2909 1409 2971 apparens
1431 2888 1468 2950 in

315 2995 520 3069 coelestibus,
536 3014 631 3056 verus
647 2993 679 3054 in
695 3001 789 3056 terra.
835 2991 960 3056 Poterit
976 3014 1047 3056 esse
1066 2994 1225 3056 instantia
1242 2994 1347 3055 crucis
1365 3012 1471 3073 super

315 3100 377 3163 hoc
402 3098 587 3179 subjectum
610 3097 694 3159 talis.
742 3096 777 3160 Si
801 3097 985 3160 inveniatur
1011 3108 1120 3160 motus
1142 3096 1262 3179 aliquis
1285 3097 1316 3159 in
1340 3117 1469 3160 oceano

315 3203 358 3268 ab
379 3202 504 3264 oriente
529 3203 561 3262 in
583 3201 797 3275 occidentem,
817 3200 894 3265 licet
914 3203 1097 3266 admodum
1118 3202 1293 3284 languidus
1316 3210 1350 3264 et
1372 3219 1470 3264 ener-

314 3315 430 3382 vatus3
464 3305 491 3368 si
522 3305 609 3367 idem
641 3316 750 3369 motus
782 3307 962 3387 reperiatur
990 3308 1092 3389 paulo
1123 3307 1288 3370 incitatior
1317 3305 1350 3368 in
1380 3311 1470 3379 aere,

315 3409 507 3492 praesertim
539 3408 624 3469 intra
650 3409 803 3489 tropicos,
827 3410 883 3472 ubi
914 3420 1048 3493 propter
1076 3410 1217 3491 majores
1248 3409 1385 3473 circulos
1415 3417 1471 3472 est

315 3511 419 3594 magis
435 3509 677 3593 perceptibilis3
708 3510 734 3573 si
751 3511 839 3573 idem
857 3523 966 3577 motus
982 3515 1163 3595 reperiatur
1183 3513 1216 3576 in
1236 3511 1470 3575 humilioribus

315 3615 463 3692 cometis,
476 3615 545 3696 jam
562 3613 668 3676 sactus
679 3613 772 3676 vivus
787 3623 820 3677 et
836 3615 986 3694 validus;
1010 3618 1036 3679 si
1053 3618 1140 3680 idem
1158 3626 1269 3680 motus
1285 3614 1470 3698 reperiatur

313 3721 347 3782 in
363 3718 514 3801 planetis,
531 3718 578 3780 ita
593 3726 706 3779 tamen
721 3717 931 3799 dispensatus
947 3727 980 3782 et
995 3720 1175 3800 graduatus
1191 3728 1228 3782 ut
1244 3739 1309 3799 quo
1329 3717 1469 3798 propius

313 3824 401 3886 absit
422 3844 442 3885 a
465 3830 551 3884 terra
574 3821 617 3882 sit
640 3821 771 3894 tardior,
788 3841 855 3902 quo
877 3819 1007 3902 longius
1030 3822 1173 3898 celerior,
1191 3831 1293 3903 atque
1316 3821 1349 3883 in
1372 3819 1469 3882 coelo

351 3973 372 4006 ω
391 3975 461 4028 This
480 3976 502 4029 is
520 3974 567 4028 the
586 3991 657 4040 case,
671 3975 774 4040 though
786 3989 828 4028 we
844 3973 925 4028 know
938 3973 959 4027 it
977 3980 1007 4027 to
1021 3975 1057 4027 be
1073 3991 1104 4028 so
1123 3975 1217 4028 rather
1234 3991 1263 4028 as
1282 3991 1299 4027 a
1316 3973 1469 4026 deduction

315 4059 387 4113 from
409 4059 457 4112 the
479 4058 578 4126 theory
596 4057 628 4110 of
647 4058 694 4111 the
716 4058 787 4110 tides
804 4059 871 4111 than
890 4057 963 4110 from
981 4057 1029 4111 the
1048 4059 1223 4111 observation
1241 4058 1272 4110 of
1287 4057 1365 4111 facts.
1402 4057 1470 4109 The

315 4149 459 4197 curvature
473 4141 494 4192 is
507 4146 627 4207 greatest
640 4141 719 4194 when
732 4141 780 4194 the
793 4141 850 4194 tide
863 4141 885 4196 is
897 4141 968 4207 high,
982 4141 1036 4194 and
1049 4141 1117 4194 least
1129 4143 1208 4195 when
1223 4142 1244 4194 it
1256 4141 1278 4194 is
1290 4141 1352 4194 low.

349 4224 371 4256 ⁸⁴
390 4226 441 4278 ‘ln
453 4224 546 4278 fretis’
566 4225 613 4278 the
626 4225 696 4278 tides
708 4241 756 4279 are
768 4225 925 4292 derivative,
938 4225 1000 4293 and,
1014 4225 1221 4295 consequently,
1233 4225 1281 4280 the
1294 4225 1470 4294 experiment

314 4309 406 4364 would
419 4316 469 4361 not
481 4310 516 4362 be
529 4309 693 4363 conclusive.

351 4390 372 4422 Μ
391 4390 431 4444 Of
445 4393 499 4444 this
518 4393 625 4446 ‘motus
638 4392 780 4446 rotationis
792 4393 973 4461 spontaneus’
993 4409 1035 4448 we
1048 4392 1114 4447 shall
1130 4392 1198 4445 hear
1210 4408 1287 4446 more
1300 4392 1327 4445 in
1341 4391 1411 4460 Aph.
1424 4395 1469 4457 48,

317 4475 413 4528 Motus
425 4476 489 4528 xvii.
527 4477 578 4529 See
591 4476 647 4528 also
661 4477 731 4543 Aph.
745 4492 769 4542 5,
782 4476 817 4530 ad
830 4476 875 4530 fin.
912 4475 1005 4530 These
1019 4493 1142 4544 passages
1154 4476 1228 4530 shew
1242 4477 1303 4529 how
1315 4474 1358 4528 far
1370 4474 1468 4530 Baeon

318 4571 371 4608 was
383 4555 456 4609 from
468 4557 566 4622 having
577 4556 687 4610 formed
698 4574 751 4627 any
763 4565 826 4612 true
839 4560 1002 4628 conception
1015 4559 1047 4613 of
1056 4561 1104 4614 the
1118 4567 1216 4615 nature
1229 4559 1261 4614 ot
1271 4559 1394 4614 Motion.
