3324 5110
559 463 565 515 j
637 445 718 504 ΠΒ,
743 446 767 503 I.
796 457 865 521 109.
1264 458 1328 525 307

173 619 208 675 et
230 607 437 687 exsufflante,
459 607 517 672 vix
541 629 687 692 unquam
709 610 832 695 aliquid
858 609 994 694 alicujus
1019 610 1246 695 imaginationi
1270 623 1329 677 aut

173 717 369 801 phantasiae
399 735 606 779 occursurum
636 714 772 794 fuisset3
809 726 926 799 utpote
955 717 1046 798 cujus
1076 717 1268 800 exemplum
1294 719 1328 780 in

173 823 328 905 proximo
353 840 420 884 non
444 819 589 892 vidisset,
611 820 671 884 nisi
695 819 781 884 sorte
802 821 834 883 in
858 831 964 886 terrae
987 831 1079 885 motu
1100 817 1158 887 aut
1180 822 1327 897 fulmine,

173 947 267 1007 quae,
298 933 334 988 ut
368 923 533 1005 magnalia
567 932 704 987 naturae
737 933 772 987 et
806 945 875 990 non·
908 925 1080 990 imitabilia
1113 927 1156 990 ab
1185 927 1329 1004 bomine,

172 1030 325 1093 homines
347 1029 461 1092 statim
484 1027 635 1108 rejecturi
657 1026 806 1092 luissent.
1324 1033 1328 1040 “

219 1133 350 1196 Eodem
373 1133 474 1196 modo
497 1132 534 1207 si,
557 1142 636 1196 ante
660 1131 705 1195 fili
731 1133 956 1216 bombycini¹²
983 1134 1215 1208 inventionem,
1240 1135 1328 1217 quis-

173 1239 265 1320 piam
281 1235 470 1318 hujusmodi
485 1255 671 1300 sermonem
687 1237 866 1318 injecisset:
890 1259 961 1302 esse
978 1239 1148 1320 quoddam
1165 1238 1210 1302 fili
1225 1259 1330 1322 genus

174 1340 344 1404 inventum
360 1341 403 1404 ad
418 1322 559 1402 vestium
575 1348 609 1404 et
625 1340 836 1423 supellectilis
856 1363 959 1418 usunr,
977 1343 1066 1425 quod
1082 1342 1175 1405 filum
1190 1342 1328 1406 linteum

174 1453 232 1507 aut
262 1444 394 1507 laneum
425 1443 595 1520 tenuitate,
626 1452 659 1506 et
693 1444 902 1509 nihilominus
935 1447 1122 1522 tenacitate,
1153 1465 1192 1509 ac
1226 1446 1329 1509 etiam

174 1547 351 1630 splendore
375 1555 408 1610 et
434 1546 580 1624 mollitie,
606 1545 705 1629 longe
735 1558 924 1630 superaret;
954 1548 1106 1612 homines
1132 1549 1245 1612 statim
1270 1558 1331 1612 aut

175 1651 220 1714 de
248 1650 353 1714 serico
382 1649 494 1732 aliquo
524 1650 708 1732 vegetabili,
738 1660 795 1714 aut
825 1653 867 1716 de
900 1653 1051 1715 animalis
1083 1651 1221 1734 alicujus
1253 1651 1331 1734 pilis
1401 1676 1409 1692 ¹

173 1754 427 1832 delicatioribus,
451 1764 509 1818 aut
527 1755 570 1818 de
592 1755 702 1819 avium
727 1755 847 1837 plumis
870 1765 903 1820 et
926 1757 1089 1839 lanugine,
1111 1755 1234 1838 aliquid
1256 1756 1330 1838 opi·
1348 1840 1350 1845 s

173 1858 283 1922 uaturi
305 1857 464 1936 luissent3
489 1879 603 1922 verum
626 1859 668 1922 de
690 1849 810 1924 vermis
833 1859 942 1943 pusilli
964 1870 1107 1935 textura,
1132 1881 1236 1943 eaque
1259 1869 1331 1922 tam
1348 1861 1361 1876 ⁸

172 1963 310 2045 copiosa
339 1973 372 2028 et
402 1983 439 2028 se
469 1972 648 2027 renovante
678 1973 712 2027 et
740 1967 970 2038 anniversaria,
1001 1966 1046 2028 nil
1073 1965 1211 2029 luissent
1241 1973 1330 2028 certe

172 2067 402 2130 commentori.
448 2066 548 2149 Quod
571 2067 598 2130 si
621 2067 694 2149 quis
716 2070 818 2133 etiam
841 2071 883 2132 de
905 2072 1009 2133 vermi
1032 2071 1168 2134 verbum
1195 2069 1328 2151 aliquod

173 2169 350 2250 injecisset,
362 2171 503 2235 ludibrio
519 2180 606 2234 certe
618 2169 744 2236 futurus
759 2172 882 2250 luisset,
899 2183 936 2237 ut
947 2175 1002 2257 qui
1020 2195 1120 2239 novas
1136 2194 1329 2237 aranearum
1406 2167 1411 2184 '

174 2293 293 2356 operas
309 2275 499 2338 somniaret.

220 2375 388 2456 Similiter,
420 2379 447 2442 si
477 2387 555 2442 ante
585 2378 807 2444 inventionem
840 2402 918 2445 acus
948 2382 1100 2446 nauticae
1110 2379 1137 2419 ¹³
1165 2379 1329 2463 quispiam

172 2479 363 2562 hujusmodi
395 2501 580 2546 sermonem
618 2483 800 2548 intulisset:
843 2486 1013 2548 inventum
1051 2505 1124 2548 esse
1155 2484 1325 2566 quoddam

176 2585 441 2660 instrumentum
458 2607 517 2668 per
536 2587 626 2668 quod
650 2587 798 2652 cardines
819 2598 853 2653 et
874 2599 997 2671 puncta
1017 2587 1100 2652 coeli
1118 2595 1237 2652 exacte
1255 2585 1334 2666 capi

176 2696 211 2750 et
227 2688 375 2770 dignosci
392 2691 539 2772 possint3
563 2689 713 2754 homines
732 2690 845 2754 statim
862 2693 903 2756 de
925 2693 1030 2774 magis
1051 2691 1216 2773 exquisita
1231 2687 1333 2752 sabri-

176 2791 306 2856 catione
331 2792 622 2856 instrumentorum
649 2795 944 2858 astronomicorum
970 2796 1013 2859 ad
1039 2794 1144 2858 multa
1172 2802 1206 2857 et
1232 2791 1331 2867 varia,

176 2914 236 2977 per
262 2895 480 2977 agitationem
505 2897 711 2977 phantasiae,
740 2897 914 2961 discursuri
944 2896 1081 2962 luissent
1093 2919 1101 2976 ;
1133 2896 1222 2978 quod
1252 2914 1333 2957 vero

175 2996 302 3080 aliquid
323 2998 459 3062 inveniri
479 3000 591 3081 possit,
608 2999 699 3082 cujus
720 3009 829 3063 motus
848 3021 922 3064 curn
944 3001 1141 3066 coelestibus
1160 3008 1230 3064 tam
1245 2998 1333 3062 bene

177 3101 374 3178 conveniret,
396 3113 496 3185 atque
518 3103 626 3185 ipsum
649 3113 760 3166 tamen
784 3124 828 3166 ex
851 3102 1047 3167 coelestibus
1070 3123 1138 3167 non
1157 3111 1256 3177 esset,
1272 3101 1330 3164 sed

176 3379 252 3441 tury,
266 3373 351 3426 about
367 3373 415 3427 the
434 3389 508 3427 same
525 3373 593 3426 time
611 3374 671 3427 that
690 3372 741 3427 the
757 3389 804 3427 use
823 3373 856 3426 of
868 3373 917 3427 the
931 3373 1024 3428 Greek
1037 3373 1095 3442 tire,
1108 3372 1140 3427 of
1150 3371 1239 3428 which
1251 3370 1330 3425 there

178 3470 253 3509 were
266 3472 349 3526 many
362 3456 450 3523 kinds,
462 3457 550 3523 began
562 3462 594 3509 to
606 3457 642 3509 be
655 3457 724 3510 lost.¹

215 3536 237 3570 ¹¹
256 3541 311 3594 Silk
326 3539 467 3609 (sericum)
481 3557 535 3594 was
552 3556 584 3594 so
599 3540 686 3593 called
698 3557 728 3592 as
740 3541 849 3607 coming
865 3539 938 3594 stom
949 3542 998 3594 the
1014 3547 1131 3610 country
1144 3538 1176 3593 of
1190 3539 1237 3591 the
1251 3539 1331 3590 Seres

177 3639 213 3678 or
232 3623 359 3687 Cbinese,
376 3624 468 3677 where
486 3625 521 3678 its
538 3623 698 3678 cultivation
717 3639 831 3692 appears
849 3631 879 3678 to
898 3641 933 3692 go
951 3625 1022 3678 back
1040 3631 1072 3678 to
1090 3625 1137 3678 the
1155 3621 1263 3689 highest
1281 3635 1330 3673 au·

176 3707 289 3776 tiquity.
328 3709 354 3762 lt
367 3725 423 3761 was
436 3708 536 3761 known
549 3707 617 3760 both
629 3714 661 3761 to
672 3707 720 3762 the
733 3707 841 3761 Greeks
855 3708 908 3761 and
923 3709 1053 3764 Romans.

214 3787 235 3820 ¹⁸
255 3790 319 3844 The
332 3791 478 3844 Mariner’s
492 3791 632 3858 Compass.
671 3790 753 3842 ‘The
766 3789 898 3844 directive
911 3808 1005 3859 power
1016 3791 1049 3843 of
1057 3791 1105 3844 the
1119 3793 1229 3854 magnet
1241 3799 1330 3839 seems

174 3881 210 3927 to
222 3874 290 3928 have
307 3875 379 3928 been
392 3874 531 3926 unknown
551 3874 578 3927 in
592 3873 702 3942 Europe
718 3874 758 3926 till
777 3875 833 3927 late
840 3875 871 3934 ¹in
885 3875 933 3928 the
949 3874 1056 3928 twelfth
1075 3879 1200 3940 century.
1237 3869 1264 3922 tt
1282 3885 1330 3937 ap-

175 3973 265 4027 pears,
280 3957 415 4024 however,
429 3974 466 4010 on
484 3973 550 4026 very
568 3957 640 4023 good
658 3957 806 4025 authority,
820 3958 881 4010 that
897 3959 919 4010 it
932 3974 986 4010 was
1002 3958 1103 4010 known
1123 3956 1150 4008 in
1167 3954 1263 4021 China,
1276 3952 1330 4006 and

174 4041 347 4108 throughout
360 4042 408 4095 the
422 4042 489 4094 East
501 4039 647 4110 generally,
660 4047 795 4108 atavery
808 4047 915 4094 remote
927 4040 1032 4109 period.
1063 4058 1080 4090 a
1107 4058 1124 4090 r
1151 4058 1168 4090 a
1196 4057 1213 4088 r
1240 4055 1257 4088 a
1294 4038 1331 4090 nt

176 4125 247 4187 first,
260 4125 308 4177 the
323 4125 442 4178 Cbinese
455 4124 546 4177 would
558 4140 659 4192 appear
671 4130 701 4176 to
718 4123 785 4177 have
798 4123 866 4177 used
883 4125 905 4177 it
917 4124 1079 4194 exclusively
1091 4124 1137 4178 for
1154 4123 1286 4191 guidance
1303 4121 1330 4173 in

175 4209 321 4276 travelling
333 4209 370 4277 by
383 4207 455 4262 land.
492 4208 556 4261 The
568 4207 677 4261 earliest
692 4208 756 4261 date
773 4214 801 4260 at
813 4207 903 4261 which
915 4225 957 4262 we
969 4207 1035 4262 hear
1047 4207 1079 4261 ol
1092 4207 1166 4261 their
1178 4208 1256 4273 using
1268 4205 1290 4257 it
1302 4209 1331 4257 at

175 4307 224 4345 sea
237 4292 259 4344 is
271 4292 443 4346 somewhere
456 4292 541 4345 about
556 4308 606 4356 300
620 4291 698 4344 n.1>.”
726 4290 887 4344 Chambers’
900 4291 1128 4361 Encyclopaedia.
1167 4291 1193 4343 lt
1207 4293 1229 4342 is
1240 4303 1330 4341 sorne-

175 4375 261 4428 times
279 4376 371 4429 stated
387 4375 448 4428 that
463 4374 562 4428 Marco
575 4374 644 4428 Polo
660 4373 779 4442 brought
795 4374 843 4429 the
857 4377 990 4444 Compass
1002 4375 1067 4429 with
1085 4376 1142 4428 him
1157 4373 1230 4427 from
1244 4372 1337 4426 China

174 4465 210 4511 to
224 4457 295 4527 Italy
307 4458 336 4511 in
351 4461 428 4526 1260,
440 4459 492 4512 but
505 4458 585 4512 there
598 4459 619 4511 is
635 4458 766 4512 evidence
779 4458 811 4511 ol
821 4459 855 4512 its
867 4475 915 4512 use
932 4460 960 4512 iu
973 4459 1083 4527 Europe
1101 4460 1128 4511 in
1142 4458 1189 4513 the
1206 4455 1333 4526 previous

175 4545 305 4610 century.

727 4643 788 4693 X2
