3306 5102
305 426 369 506 428
684 440 840 498 novun
861 442 1081 500 ansanum.

307 601 511 667 characteres
533 599 649 689 (veluti
673 605 756 669 alius
782 615 833 670 est
859 607 955 670 dolor
981 608 1127 686 ustionis,
1150 609 1234 672 alius
1260 607 1388 692 frigoris
1411 608 1463 674 in·

307 706 402 782 tensi,
416 707 500 772 alins
516 720 704 791 puncturae,
719 709 801 775 alius
821 712 1081 794 compressionis,
1096 713 1181 777 alius
1196 715 1409 792 extensionis,
1426 723 1463 778 et

307 810 485 896 similium),
508 816 726 879 certissimum
749 825 800 879 est
826 818 937 881 omnia
963 817 1027 892 illa,
1051 820 1162 899 quoad
1190 827 1327 897 motum,
1351 819 1462 882 inesse

307 918 497 997 corporibus
524 920 731 998 inanimatis3
762 919 863 985 veluti
890 921 980 1004 ligno
1009 933 1067 986 aut
1097 922 1208 1005 lapidi,
1239 942 1315 986 cum
1344 923 1461 996 uritur,

307 1029 366 1081 aut
391 1041 449 1102 per
476 1023 552 1105 gelu
579 1024 820 1105 constringitur,
845 1034 902 1088 aut
932 1026 1097 1107 pungitur,
1120 1037 1178 1090 aut
1207 1026 1373 1104 scinditur,
1400 1034 1462 1088 aut

308 1120 459 1205 flectitur,
482 1137 540 1190 aut
564 1127 720 1205 tunditur,
747 1137 781 1190 et
811 1129 857 1191 sic
887 1129 929 1192 de
958 1129 1050 1207 aliis;
1073 1129 1149 1193 licet
1179 1149 1245 1192 non
1275 1128 1462 1192 subintrent

309 1245 430 1306 sensus,
448 1241 583 1312 propter
598 1230 783 1295 absentiam
800 1232 932 1313 spiritus
948 1232 1108 1297 animalis.

353 1330 439 1394 Item
459 1335 634 1399 instantiae
649 1335 829 1415 conformes
847 1333 952 1421 (quod
969 1338 1087 1401 mirum
1104 1336 1244 1401 sortasse
1259 1332 1364 1420 dictu)
1383 1343 1462 1398 sunt

309 1435 435 1499 radices
451 1448 485 1500 et
500 1441 581 1502 rami
597 1440 796 1522 plantarum.
836 1441 945 1504 Omne
960 1442 1048 1504 enim
1062 1441 1248 1524 vegetabile
1263 1438 1461 1515 intumescit,

308 1547 342 1600 et
358 1542 506 1604 extrudit
522 1552 633 1624 partes
649 1544 682 1606 in
697 1543 1000 1621 circumferentiam,
1017 1554 1086 1608 tam
1102 1564 1230 1607 sursum
1247 1563 1347 1625 quam
1366 1543 1463 1606 deor·

308 1661 392 1706 sum.
438 1646 559 1728 Neque
576 1646 640 1710 alia
661 1658 711 1711 est
729 1648 913 1712 differentia
934 1651 1081 1713 radicum
1104 1659 1138 1712 et
1161 1666 1336 1725 ramorum,
1358 1665 1460 1728 quam

308 1748 398 1825 quod
422 1750 518 1811 radix
541 1751 727 1814 includatur
748 1752 781 1813 in
808 1759 903 1826 terra,
928 1761 961 1815 et
989 1751 1070 1814 rami
1098 1761 1308 1833 exponantur
1333 1749 1399 1812 atri
1427 1759 1463 1812 et

310 1847 419 1911 soli⁸⁴.
466 1851 503 1915 Si
531 1854 604 1934 quis
629 1855 717 1916 enim
741 1854 880 1935 accipiat
908 1874 1035 1917 ramum
1062 1863 1211 1918 tenerum
1242 1863 1276 1916 et
1305 1863 1461 1934 vegetum

309 1953 442 2030 arboris,
468 1965 570 2037 atque
596 1956 688 2018 illum
715 1956 862 2021 reflectat
888 1958 921 2020 in
947 1957 1093 2038 aliquam
1119 1966 1226 2020 terrae
1255 1956 1460 2039 particulam,

311 2053 388 2118 licet
411 2077 476 2119 non
500 2059 674 2121 cohaereat
698 2056 759 2141 ipsi
783 2059 862 2138 solo,
884 2061 990 2142 gignit
1014 2060 1127 2123 statim
1151 2079 1217 2123 non
1241 2079 1377 2138 ramum,
1401 2059 1460 2122 sed

311 2157 464 2223 radicem.
507 2160 624 2243 Atque
646 2162 716 2226 vice
739 2183 841 2240 versa,
862 2163 887 2226 si
911 2173 998 2227 terra
1021 2173 1163 2245 ponatur
1184 2163 1340 2246 superius,
1360 2172 1461 2243 atque

310 2259 357 2323 ita
383 2262 572 2328 obstruatur
597 2266 707 2347 lapide
733 2274 790 2328 aut
816 2265 928 2348 aliqua
954 2268 1035 2330 dura
1062 2266 1258 2345 substantia,
1284 2275 1321 2328 ut
1347 2265 1461 2347 planta

311 2363 503 2431 cohibeatur
533 2388 592 2434 nec
622 2368 728 2452 possit
757 2369 964 2433 frondescere
1001 2389 1138 2447 sursum,
1169 2371 1245 2434 edet
1282 2389 1391 2433 ramos
1429 2367 1463 2430 in

311 2475 420 2533 aerem
437 2472 600 2536 deorsum.

356 2573 442 2638 Item
467 2577 643 2642 instantiae
662 2577 840 2659 conformes
862 2585 939 2642 sunt
958 2577 1085 2660 gummi
1103 2578 1265 2656 arborum,
1281 2585 1314 2641 et
1337 2575 1464 2659 plerae-

312 2695 377 2756 que
399 2699 553 2760 gemmae
576 2681 704 2763 rupium
715 2679 750 2744 ⁸⁶.
797 2681 948 2763 Utraque
970 2683 1057 2744 enim
1081 2681 1126 2744 nil
1149 2681 1238 2745 aliud
1262 2690 1338 2745 sunt
1361 2697 1463 2762 quam

312 2782 530 2847 exudationes
559 2793 592 2848 et
625 2781 865 2867 percolationes
902 2804 1093 2848 succorum:
1131 2784 1164 2848 in
1202 2783 1309 2866 primo
1341 2803 1463 2865 genere

311 2883 445 2964 scilicet,
465 2907 636 2952 succorum
660 2909 704 2952 ex
726 2888 917 2966 arboribus3
940 2889 974 2950 in
997 2889 1150 2966 secundo,
1173 2909 1218 2951 ex
1240 2889 1350 2964 saxis;
1375 2887 1464 2949 unde

348 3129 370 3161 ⁶⁴
389 3133 459 3186 This
477 3133 506 3200 is,
525 3133 558 3187 of
573 3149 679 3198 course,
697 3148 730 3186 an
750 3147 836 3198 error,
855 3133 906 3185 but
927 3131 949 3184 it
970 3133 993 3185 is
1012 3137 1062 3186 not
1080 3133 1196 3202 entirely
1217 3133 1334 3186 without
1353 3145 1464 3184 excuse.

313 3215 363 3266 ‘ln
384 3215 432 3268 the
452 3232 542 3285 young
561 3224 632 3270 state
654 3217 733 3269 there
754 3215 776 3268 is
797 3231 833 3268 no
855 3215 1015 3268 distinction
1036 3217 1164 3269 between
1182 3222 1252 3269 stem
1271 3214 1325 3268 and
1343 3219 1415 3278 root,
1433 3227 1465 3266 as

312 3297 424 3363 regards
436 3305 590 3366 structure;
608 3300 677 3353 both
690 3300 773 3365 being
791 3299 910 3364 cellular,
923 3298 976 3352 and
995 3315 1029 3352 an
1045 3301 1189 3352 extension
1205 3299 1237 3352 of
1252 3298 1321 3352 each
1337 3298 1421 3351 other
1437 3298 1466 3350 in

313 3382 438 3448 opposite
451 3383 610 3437 directions.
647 3383 710 3435 The
727 3388 791 3436 root
809 3383 830 3434 is
847 3382 1007 3435 afterwards
1019 3383 1217 3450 distinguished
1229 3382 1302 3435 from
1319 3382 1367 3435 the
1383 3389 1464 3447 stem,

313 3463 350 3533 by
370 3464 418 3518 the
441 3473 514 3520 want
534 3465 566 3520 of
590 3483 607 3522 a
628 3467 765 3535 provision
786 3465 830 3519 for
848 3466 896 3519 the
918 3465 1112 3534 development
1131 3466 1163 3520 of
1185 3465 1330 3532 leaf-buds,
1352 3466 1405 3519 and
1428 3465 1467 3532 by

313 3546 465 3616 increasing
476 3549 548 3604 from
566 3551 653 3603 above
666 3549 845 3604 downwards.
882 3549 955 3602 Such
967 3550 1065 3617 plante,
1078 3550 1215 3616 however,
1233 3565 1262 3603 as
1280 3550 1329 3603 the
1347 3550 1466 3602 Moutan

314 3632 434 3701 Paeony‚
447 3634 496 3686 the
509 3634 673 3700 Pium-trec,
687 3634 774 3702 Pyrus
785 3633 926 3701 Japonica,
939 3633 994 3685 and
1007 3634 1150 3702 especially
1163 3636 1309 3686 Anemone
1323 3632 1467 3700 Japonica,

313 3713 381 3779 have
391 3733 407 3769 a
416 3733 509 3786 power
521 3718 553 3771 of
560 3717 678 3786 forming
691 3717 760 3771 buds
773 3733 809 3770 on
821 3715 896 3770 their
908 3716 1002 3769 roots!
1030 3715 1167 3770 Balfour’s
1181 3715 1293 3770 Manual
1305 3714 1338 3768 of
1347 3715 1466 3784 Botany,

316 3801 406 3868 tur·
1106 3833 1108 3840 ·

352 3883 393 3939 M.
407 3884 534 3952 Bouillet,
546 3884 676 3953 speaking
688 3881 720 3936 of
730 3883 785 3936 this
796 3883 922 3951 example
937 3883 991 3936 and
1003 3882 1036 3935 of
1047 3899 1124 3936 some
1136 3882 1169 3936 of
1183 3882 1263 3936 those
1274 3882 1353 3948 given
1366 3880 1467 3948 below,

314 3982 389 4034 says:
409 3967 469 4022 ‘Ne
488 3973 665 4021 trouve-t-on
684 3983 731 4035 pas
749 3966 816 4019 dans
834 3973 926 4020 tontes
944 3981 990 4018 ces
1008 3965 1170 4022 indications
1188 3967 1213 4020 le
1231 3981 1325 4033 germe
1341 3965 1375 4018 de
1391 3963 1466 4018 deux

314 4049 436 4102 theories
449 4051 496 4119 qui
513 4057 564 4103 ont
582 4051 627 4102 ete
640 4049 820 4116 developpees
833 4049 867 4101 de
887 4065 936 4101 nos
951 4047 1030 4114 jours
1048 4065 1113 4102 avec
1129 4065 1165 4101 un
1182 4048 1268 4115 grand
1280 4047 1383 4112 succes,
1395 4047 1466 4100 celle

315 4133 363 4185 des
380 4133 614 4201 metamorphoses
632 4133 680 4185 des
697 4148 813 4199 organes
825 4133 874 4185 des
891 4133 1005 4200 plantes,
1024 4132 1122 4201 qu'ont
1139 4129 1290 4184 defendues
1308 4130 1418 4184 Goethe
1435 4135 1467 4183 et

317 4215 359 4270 M.
371 4217 406 4269 de
420 4217 561 4282 Candolle,
574 4222 603 4268 et
616 4217 684 4270 celle
697 4217 747 4270 des
765 4217 920 4283 analogues,
933 4216 980 4282 qui
993 4231 1009 4268 a
1021 4214 1071 4269 fait
1085 4214 1183 4283 l'objet
1195 4214 1296 4282 special
1308 4213 1357 4266 des
1369 4213 1469 4268 studes

316 4300 351 4353 de
366 4301 407 4354 M.
421 4299 732 4368 Geoffroy·St.·Hilaire
743 4299 769 4354 i’

351 4382 372 4412 ⁸⁶
392 4383 460 4435 This
477 4383 499 4435 is
514 4383 610 4451 simply
623 4400 639 4437 a
654 4381 743 4451 fancy,
757 4383 822 4448 and,
833 4383 887 4435 lihe
905 4397 981 4435 some
1000 4379 1033 4433 of
1049 4379 1165 4434 Bacon¹s
1182 4380 1265 4434 other
1282 4381 1420 4434 instances
1438 4380 1466 4432 in

315 4467 369 4522 this
383 4467 571 4534 Aphorism,is
586 4483 620 4519 an
637 4466 761 4534 example
774 4465 807 4520 of
816 4466 882 4520 false
899 4465 993 4522 rather
1009 4463 1075 4520 than
1090 4464 1121 4518 of
1136 4471 1198 4520 true
1211 4464 1343 4535 Analogy.
1380 4463 1467 4520 Gems

313 4564 362 4604 are
374 4548 427 4602 due
441 4557 470 4603 to
483 4549 706 4618 Crystallisation.
