3220 5102
361 431 426 504 534
738 422 1133 480 norun-oxomum.

359 591 468 674 frigus,
480 598 552 654 tum
562 588 690 652 solutae
700 597 811 671 partes
822 609 842 652 a
853 587 965 652 fraeno
977 595 1098 652 coelunt
1113 587 1294 652 secundum
1313 587 1498 652 desiderium

359 715 455 759 suum
486 691 645 758 naturale.
705 691 822 774 Atque
847 693 928 772 jdeo
959 693 1007 768 fit,
1041 702 1078 756 ut
1108 693 1220 756 omnia
1256 713 1398 775 corpora
1429 714 1499 776 quae

360 800 529 864 continent
552 798 703 880 spiritum
726 817 835 860 acrem
859 794 911 881 (ut
933 797 1027 874 sales,
1050 806 1084 860 et
1105 795 1312 883 hujusmodi)
1342 798 1456 861 durent
1474 809 1500 860 et

360 923 426 966 non
453 901 630 980 solvantur,
656 902 701 965 ob
732 900 880 965 fraenum
910 921 1108 984 permanens
1137 909 1171 966 et
1201 902 1355 966 durabile
1385 902 1501 984 spiritus

360 1007 560 1070 dominantis
575 1015 609 1068 et
625 1005 799 1087 imperiosi.

405 1111 538 1192 Ligatio
552 1131 630 1173 vero
647 1118 757 1172 motus
770 1108 1027 1192 congregationis
1045 1107 1189 1186 minoris,
1207 1130 1293 1191 quae
1310 1109 1351 1172 fit
1370 1131 1428 1192 per
1446 1130 1502 1172 mo

360 1224 432 1280 tum
449 1224 633 1290 externum,
649 1214 796 1278 maxime
812 1213 1012 1296 conspicitur
1030 1214 1063 1277 in
1083 1213 1321 1296 agitationibus
1344 1233 1502 1296 corporum

360 1341 419 1404 per
440 1341 523 1403 quas
545 1329 674 1383 arcetur
696 1319 903 1402 putrefactio.
962 1318 1080 1383 Omnis
1104 1319 1191 1382 enim
1214 1318 1419 1400 putrefactio
1444 1320 1502 1382 lun·

359 1427 457 1489 datur
480 1425 512 1488 in
533 1423 790 1506 congregatione
811 1421 1150 1506 homogeneorum⁸⁹;
1183 1423 1271 1485 unde
1293 1423 1456 1505 paulatim
1477 1423 1503 1485 lit

360 1529 526 1611 corruptio
542 1527 656 1610 prioris
678 1525 794 1612 (quam
813 1525 950 1612 vocant)
973 1526 1106 1604 formae,
1122 1536 1155 1590 et
1172 1527 1346 1608 generatio
1372 1527 1503 1590 novae'·‘'.

360 1633 450 1696 Nam
479 1630 763 1715 putrefactionem,
794 1650 880 1712 quae
910 1629 1028 1694 sternit
1060 1630 1148 1693 viam
1185 1628 1229 1692 ad
1265 1631 1502 1712 generationem

360 1756 465 1800 novae
488 1735 621 1812 formae,
636 1733 804 1816 praecedit
826 1733 949 1797 solutio
969 1733 1089 1798 veteris
1100 1755 1109 1812 ;
1135 1753 1222 1816 quae
1245 1745 1297 1798 est
1321 1735 1398 1816 ipsa
1420 1735 1503 1798 coitio

358 1841 401 1903 ad
418 1839 659 1920 homogeniam.
707 1838 758 1902 Ea
777 1857 865 1914 vero,
880 1839 908 1900 si
929 1858 994 1902 non
1018 1837 1179 1919 impedita
1202 1837 1309 1916 fuerit,
1333 1839 1377 1903 frt
1400 1837 1503 1901 solutio

357 1943 522 2026 simplex:
546 1944 596 2006 sin
619 1951 791 2006 occurrant
811 1942 901 2005 varia
924 1962 1009 2024 quae
1031 1943 1176 2021 obstant,
1199 1951 1388 2024 sequuntur
1410 1951 1503 2024 putre·
1555 1983 1557 2061 p

359 2046 518 2111 factiones
549 2065 634 2128 quae
664 2055 740 2109 sunt
770 2046 957 2110 rudimenta
987 2045 1209 2127 generationis
1238 2065 1354 2110 novae.
1418 2043 1502 2128 Quod
1555 2092 1557 2154 p

358 2151 384 2214 si
414 2145 461 2236 (id
487 2150 575 2232 quod
601 2169 688 2213 nunc
714 2146 837 2234 agitur)
863 2149 921 2212 fiat
946 2149 1088 2230 agitatio
1118 2148 1270 2230 frequens
1293 2170 1357 2231 per
1390 2160 1503 2212 motum
1556 2169 1557 2246 y

358 2262 543 2328 externum,
568 2262 641 2318 tum
667 2274 745 2318 vero
776 2264 886 2317 motus
914 2253 975 2316 iste
1002 2253 1153 2316 coitionis
1179 2249 1249 2340 (qui
1275 2263 1326 2316 est
1355 2254 1502 2318 delicatus

359 2366 392 2422 et
408 2357 517 2421 mollis
532 2368 565 2421 et
585 2359 710 2440 indiget
725 2359 838 2440 quiete
858 2357 902 2421 ab
921 2353 1083 2441 externis)
1105 2358 1309 2421 disturbatur
1331 2368 1368 2421 et
1393 2367 1503 2429 cessae

359 2473 394 2527 ut
411 2463 479 2526 fieri
493 2463 644 2527 videmus
659 2463 691 2525 in
708 2462 907 2525 innumeris:
938 2461 1041 2525 veluti
1062 2481 1137 2525 cum
1162 2461 1358 2543 quotidiana
1378 2461 1502 2545 agitatio
1556 2446 1557 2461 ¹

358 2577 416 2632 aut
441 2566 637 2650 profluentia
660 2586 768 2648 aquae
795 2576 905 2630 arceat
930 2564 1205 2648 putrefactionem
1218 2587 1226 2645 ;
1259 2568 1351 2630 venti
1384 2576 1502 2630 arceant

358 2673 579 2754 pestilentiam
595 2671 696 2748 aeris3
719 2690 821 2752 grana
838 2671 870 2732 in
880 2671 1039 2752 granariis
1054 2689 1148 2734 versa
1164 2679 1198 2733 et
1212 2671 1339 2752 agitata
1357 2679 1501 2734 maneant

356 2796 457 2858 pura3
488 2775 600 2840 omnia
622 2775 765 2858 denique
790 2775 917 2856 agitata
943 2774 1090 2838 exterius
1118 2794 1183 2838 non
1211 2774 1306 2839 facile
1332 2775 1501 2858 putrefiant

357 2880 502 2944 interius.

392 3109 413 3142 ⁹⁹
432 3111 482 3180 Cp.
497 3112 621 3165 Historia
632 3111 713 3166 Vitae
730 3117 758 3165 et
777 3110 887 3177 Mortis,
906 3110 938 3164 E.
950 3111 1004 3164 and
1018 3112 1053 3177 8.,
1067 3111 1119 3164 νοΙ.
1133 3111 1159 3164 ii.
1177 3126 1203 3179 p.
1218 3128 1278 3176 ²¹4·
1314 3110 1387 3164 This
1405 3105 1499 3164 remarl

356 3192 443 3247 shews
462 3193 524 3246 how
543 3195 612 3247 little
632 3193 724 3248 Bacon
742 3211 797 3248 was
814 3193 978 3263 acquainted
995 3195 1060 3247 with
1078 3195 1190 3262 organic
1202 3193 1361 3263 chemistry.
1398 3195 1501 3247 ‘Putre-

328 3337 330 3342 ,
356 3275 475 3330 faction'
496 3275 520 3346 (1
541 3282 625 3344 quote
644 3276 716 3330 from
736 3279 787 3330 Dr.
801 3278 883 3331 Ure's
902 3277 1065 3348 Dictionary
1081 3277 1115 3331 of
1128 3279 1202 3346 Arts,
1218 3277 1435 3344 Manufactures,
1447 3275 1499 3339 &el

356 3360 396 3412 ‘is
413 3359 460 3412 the
477 3365 663 3427 spontaneous
679 3359 896 3430 decomposition
914 3360 945 3414 of
961 3361 1128 3415 albuminoid
1145 3378 1178 3415 or
1196 3361 1305 3431 protein
1323 3363 1377 3415 and
1393 3361 1500 3429 gelatine

356 3443 534 3513 compounds,
546 3443 626 3498 when
643 3446 762 3514 exposed
782 3453 812 3500 to
831 3463 847 3499 a
864 3445 969 3500 limited
989 3453 1102 3500 amount
1120 3445 1153 3500 of
1170 3445 1218 3500 air.
1256 3445 1282 3498 lt
1299 3445 1320 3498 is
1337 3445 1385 3498 the
1399 3447 1498 3498 decom-

355 3529 474 3598 position
493 3527 526 3581 of
544 3527 639 3581 bodies
660 3529 818 3597 containing
838 3529 973 3597 nitrogen,
992 3531 1079 3583 called
1101 3529 1138 3597 by
1155 3545 1232 3584 some
1253 3545 1368 3598 persons
1387 3525 1499 3584 azotised

354 3613 464 3681 bodies;
485 3611 616 3679 although
635 3611 701 3666 such
720 3612 816 3666 bodies
834 3629 880 3666 are
899 3612 1040 3682 produced
1057 3613 1120 3682 only
1134 3613 1170 3681 by
1182 3612 1237 3680 life,
1249 3629 1296 3667 are
1313 3613 1362 3667 the
1379 3609 1498 3682 principal

355 3712 449 3750 means
462 3695 493 3749 of
503 3694 655 3765 producing
667 3693 721 3763 life,
735 3695 848 3750 andare
861 3711 940 3749 more
953 3697 1011 3765 fitly
1023 3696 1111 3750 called
1124 3696 1260 3763 zoogens.’

391 3780 488 3835 ‘Thus
510 3779 606 3835 bodies
626 3779 793 3848 decompose
814 3785 844 3833 at
868 3797 921 3847 any
942 3786 1131 3848 temperatura
1152 3780 1279 3833 between
1304 3776 1349 3845 3²⁰
1370 3779 1425 3833 and
1447 3775 1498 3842 ¹⁴⁰³

356 3862 522 3916 Fahrenheit
537 3861 661 3932 (00-600
674 3862 729 3930 C.).
766 3862 855 3915 Their
868 3862 1086 3931 decomposition
1099 3863 1193 3930 begins
1207 3862 1244 3932 by
1256 3863 1304 3916 the
1317 3863 1408 3916 action
1421 3861 1451 3916 of
1459 3861 1496 3912 the

354 3963 462 4014 oxygen
475 3945 506 3999 of
518 3947 565 3998 the
578 3945 626 4013 air,
639 3961 670 3998 so
682 3945 770 3999 thata
788 3946 883 4014 partial
901 3947 1041 4000 oxidation
1059 3947 1113 4001 and
1131 3963 1147 4000 a
1165 3946 1275 4013 gradual
1294 3945 1444 4014 disruption
1461 3957 1497 3996 are

354 4029 557 4082 simultaneous.
595 4029 659 4082 The
672 4029 756 4082 result
768 4029 801 4083 of
811 4030 864 4082 this
878 4031 898 4084 is
915 4047 931 4084 a
946 4029 1064 4084 number
1081 4029 1114 4084 of
1128 4028 1213 4098 liquid
1232 4030 1287 4082 and
1303 4045 1417 4096 gaseous
1432 4043 1496 4083 corn·

353 4113 475 4179 pounds:
495 4111 624 4165 carbonic
641 4111 711 4179 aeid,
728 4113 880 4181 hydrogen,
892 4114 1027 4180 nitrogen,
1041 4113 1186 4179 ammonia,
1199 4111 1390 4182 sulphuretted
1408 4112 1495 4182 hydro·

353 4211 415 4331 geni,
438 4195 654 4264 phosphuretted
679 4195 829 4265 hydrogen,
854 4197 1033 4251 carburetted
1058 4196 1208 4266 hydrogen,
1229 4197 1317 4250 acetic
1338 4195 1408 4264 aeid,
1430 4195 1495 4249 lactic

353 4279 395 4332 aci
415 4279 432 4347 ,’
445 4279 498 4332 dcc.

389 4363 433 4414 On
447 4361 657 4429 ‘Experiments
669 4363 801 4430 touching
813 4364 861 4418 the
874 4363 1003 4430 inducing
1014 4363 1069 4417 and
1081 4363 1272 4432 accelerating,
1281 4361 1330 4417 the
1342 4361 1496 4432 prohibiting
1551 4403 1552 4410 ,

352 4444 406 4497 and
419 4446 580 4511 preventing
592 4445 798 4514 putrefaction,’
810 4463 857 4501 see
871 4447 949 4516 Sylva
963 4447 1113 4516 Sylvarum,
1127 4447 1210 4516 Exps.
1226 4451 1339 4512 3²8-51·

388 4523 409 4554 ³⁰
428 4526 472 4577 On
484 4525 532 4578 the
545 4527 644 4596 theory
657 4527 689 4580 of
699 4530 706 4557 ‘
715 4529 904 4597 Spontaneous
917 4531 1104 4600 Generation,’
1117 4545 1163 4585 see
1176 4531 1202 4585 ii.
1216 4547 1247 4596 41
1263 4530 1317 4584 and
1330 4533 1394 4583 note
1409 4532 1451 4593 ⁷⁶·
