3346 5104
301 403 364 475 232
678 393 836 451 Novum
856 393 1074 450 oronnam

301 567 499 639 commenta,
529 579 615 643 quae
643 579 664 623 a
696 558 790 623 vanis
820 568 855 624 et
889 558 980 623 salsis
1014 557 1149 623 theoriis
1179 567 1288 622 ortum
1317 555 1453 621 habent.

301 665 418 749 Atque
437 665 501 729 hoc
521 683 625 746 genus
640 660 801 726 Malorum
816 660 944 726 facilius
964 661 1100 744 ejicitur,
1121 662 1199 744 quia
1217 681 1277 744 per
1300 669 1454 724 constan-

301 780 371 835 tem
392 769 648 852 abnegationem
673 775 707 830 et
730 767 994 850 antiquationem
1018 765 1220 830 theoriarum
1242 762 1454 828 exterminari

300 881 450 957 possunt.

345 977 396 1041 At
411 977 552 1042 alterum
568 993 674 1056 genus
689 973 888 1057 perplexum
906 982 965 1053 est,
981 983 1016 1037 et
1030 972 1098 1037 alte
1118 971 1258 1036 haerens
1273 997 1281 1050 3
1304 970 1394 1053 quod
1410 989 1454 1033 ex

303 1079 392 1144 mala
429 1088 462 1144 et
492 1079 646 1160 imperita
675 1077 900 1142 abstractione
929 1079 1103 1142 excitatur.
1149 1075 1308 1157 Exempli
1338 1072 1453 1155 gratia,

301 1183 481 1266 accipiatur
502 1180 636 1264 aliquod
658 1180 795 1243 verbum
815 1178 1010 1266 (humidum,
1030 1181 1057 1244 si
1076 1177 1210 1264 placet),
1230 1187 1263 1242 et
1282 1178 1453 1241 videamus

302 1287 471 1369 quomodo
486 1284 548 1349 sibi
564 1291 715 1349 constent
731 1303 817 1365 quae
835 1304 894 1367 per
911 1283 974 1348 hoc
994 1283 1131 1348 verbum
1152 1281 1395 1364 significantur:
1420 1291 1454 1345 et

302 1389 485 1454 invenietur
515 1387 653 1452 verbum
683 1387 781 1465 istud,
809 1385 992 1465 humidum,
1023 1387 1103 1451 nihil
1129 1387 1219 1450 aliud
1247 1405 1348 1467 quam
1373 1393 1453 1449 nota

302 1492 438 1558 confusa
468 1491 670 1556 diversarum
692 1491 870 1567 actionum,
894 1511 981 1573 quae
1005 1491 1127 1553 nullam
1151 1489 1370 1553 constantiam
1394 1498 1453 1552 aut

301 1595 527 1660 reductionem
551 1594 730 1676 patiuntur.
776 1591 949 1676 Significat
972 1594 1060 1657 enim
1082 1603 1116 1657 et
1138 1594 1228 1676 quod
1255 1594 1339 1656 circa
1361 1591 1451 1656 aliud

302 1719 420 1781 corpus
436 1697 530 1762 facile
546 1717 581 1761 se
600 1695 851 1774 circumfundit3
876 1705 909 1759 et
925 1698 1016 1778 quod
1037 1698 1070 1758 in
1089 1717 1125 1760 se
1148 1706 1198 1760 est
1219 1696 1452 1760 indetermina-

302 1803 380 1880 bile,
407 1821 467 1866 nec
497 1800 675 1866 consistere
704 1809 836 1882 potest;
867 1809 900 1864 et
926 1800 1015 1883 quod
1040 1800 1135 1865 sacile
1167 1801 1256 1864 cedit
1286 1801 1452 1882 undique;

302 1917 335 1970 et
352 1906 442 1988 quod
458 1903 552 1968 facile
569 1925 604 1967 se
619 1885 736 1968 dividit
752 1912 785 1966 et
800 1903 979 1985 dispergit3
1003 1912 1036 1967 et
1052 1905 1142 1986 quod
1163 1903 1257 1968 sacile
1281 1925 1316 1967 se
1332 1903 1403 1966 unit
1418 1911 1452 1966 et

302 2010 450 2092 colligit3
473 2017 506 2072 et
530 2008 620 2091 quod
648 2006 743 2072 facile
768 2006 840 2070 fluit
865 2016 898 2071 et
930 2009 963 2070 in
988 2017 1080 2071 motu
1108 2009 1262 2091 ponitur;
1297 2017 1331 2071 et
1361 2007 1451 2090 quod

301 2115 396 2178 alteri
412 2113 538 2196 corpori
557 2111 652 2176 lacile
667 2112 833 2189 adhaeret,
849 2111 948 2193 idque
971 2111 1172 2191 madefacit;
1195 2123 1228 2178 et
1247 2113 1336 2196 quod
1358 2112 1452 2176 facile

303 2217 469 2284 reducitur
483 2217 517 2279 in
534 2217 704 2298 liquidum,
720 2217 788 2279 sive
812 2215 1017 2299 colliquatur,
1033 2237 1108 2280 cum
1132 2227 1230 2280 antea
1251 2217 1451 2280 consisteret.

199 2405 203 2416 .
303 2323 422 2405 Itaque
452 2341 554 2402 quum
584 2321 627 2384 ad
657 2318 756 2401 hujus
782 2319 923 2384 nominis
949 2321 1227 2402 praedicationem
1256 2332 1289 2385 et
1319 2321 1451 2402 imposi-

301 2427 426 2491 tionem
451 2434 588 2488 ventum
612 2425 654 2489 sit
667 2447 675 2504 ;
697 2425 724 2488 si
747 2423 812 2489 alia
835 2425 985 2507 accipias,
1009 2425 1145 2489 flamma
1166 2425 1304 2488 humida
1328 2433 1400 2502 est;
1423 2424 1450 2486 si

301 2531 366 2595 alia
393 2529 544 2612 accipias,
567 2548 623 2592 aer
648 2527 804 2592 humidus
831 2549 896 2592 non
923 2536 996 2606 est;
1026 2529 1053 2591 si
1079 2528 1153 2608 alia,
1175 2529 1281 2611 pulvis
1306 2530 1451 2592 minutus

300 2635 458 2700 humidus
477 2641 527 2697 est
541 2659 549 2711 ;
572 2633 598 2696 si
618 2632 692 2712 alia,
706 2633 828 2696 vitrum
844 2631 1017 2696 humidum
1033 2640 1105 2696 est:
1129 2642 1166 2696 ut
1184 2632 1277 2697 sacile
1293 2643 1452 2715 appareat

302 2741 400 2804 istam
416 2739 584 2802 notionem
601 2757 644 2801 ex
662 2757 750 2819 aqua
765 2745 904 2816 tantum,
920 2745 952 2800 et
969 2738 1199 2801 communibus
1215 2747 1248 2802 et
1263 2737 1451 2820 vulgaribus

301 2842 490 2926 liquoribus,
506 2841 633 2923 absque
653 2840 718 2904 ulla
736 2840 850 2905 debita
864 2840 1094 2920 verificatione,
1111 2850 1235 2905 temere
1249 2842 1450 2905 abstractam

302 2968 382 3012 esse.

347 3051 385 3114 ln
407 3049 515 3113 verbis
537 3058 649 3113 autern
671 3049 794 3132 gradus
816 3058 893 3113 sunt
916 3049 1052 3131 quidam
1075 3049 1246 3133 pravitatis
1269 3059 1303 3113 et
1326 3051 1450 3114 erroris.

304 3155 415 3219 Minus
430 3155 584 3218 vitiosum
599 3174 703 3237 genus
721 3162 771 3216 est
787 3153 957 3216 nominum
974 3153 1179 3217 substantiae
1196 3153 1342 3235 alicujus,
1358 3174 1451 3237 prae·

302 3259 414 3324 sertim
437 3257 618 3339 specierum
640 3256 835 3334 infimarum,
852 3268 885 3321 et
900 3257 985 3320 bene
1004 3257 1221 3321 deductarum
1245 3255 1337 3346 (nam
1359 3259 1451 3322 notio
1490 3309 1492 3316 ,

302 3373 419 3440 cretae,
436 3361 505 3440 luti,
520 3360 628 3439 bona3
650 3372 763 3440 terrae,
780 3359 899 3445 malal:
922 3363 1071 3425 vitiosius
1089 3382 1193 3444 genus
1209 3372 1259 3426 est
1274 3364 1451 3441 actionum,

302 3477 339 3531 ut
354 3485 520 3549 generare,
541 3474 742 3546 cormmpere
752 3463 773 3542 ⁸,
795 3465 956 3528 alterare:
985 3465 1230 3528 vitiosissimum
1252 3466 1451 3547 qualitatum
1476 3459 1482 3474 ⁰

301 3569 466 3656 (exceptis
486 3569 624 3651 objectis
642 3589 756 3632 sensus
780 3565 1004 3653 immediatis),
1024 3577 1060 3632 ut
1076 3569 1206 3649 gravis,
1228 3569 1316 3645 burh,
1339 3571 1452 3648 anuas,

301 3675 401 3754 rierrsi,
424 3674 503 3753 &c.;
527 3683 560 3737 et
583 3682 695 3737 tamen
718 3674 751 3735 in
774 3673 928 3737 omnibus
950 3673 1021 3736 istis
1044 3672 1112 3735 fieri
1140 3694 1207 3736 non
1229 3683 1348 3756 potest,
1372 3674 1451 3755 quin

301 3779 368 3844 sint
397 3777 483 3842 aliae
516 3777 667 3841 notiones
697 3777 769 3840 aliis
802 3777 901 3860 paulo
933 3776 1093 3856 meliores,
1123 3785 1222 3859 prout
1254 3777 1286 3840 in
1317 3797 1451 3840 sensum

300 3883 483 3946 humanum
500 3881 614 3944 incidit
631 3901 737 3944 rerum
754 3879 883 3961 copiat

336 4091 347 4123 ⁸
366 4092 398 4145 ln
419 4091 577 4145 Herschel's
595 4091 744 4145 Discourse
763 4107 799 4144 on
818 4090 867 4144 the
886 4091 973 4158 Study
991 4089 1023 4144 of
1038 4089 1153 4144 Natural
1172 4090 1375 4161 Philosophy,§
1393 4111 1453 4161 ror,

301 4183 376 4243 note,
389 4175 437 4230 the
449 4176 561 4230 student
575 4176 628 4228 will
640 4175 696 4229 lind
707 4192 724 4230 a
736 4176 845 4230 curious
857 4174 982 4243 example
994 4174 1027 4228 ol
1037 4175 1084 4228 the
1096 4175 1162 4228 kind
1174 4176 1207 4229 oi
1220 4177 1311 4229 verbal
1325 4176 1453 4246 jugglery

301 4260 389 4314 which
402 4259 450 4313 the
463 4260 572 4314 ancient
588 4275 731 4313 reasouers
748 4275 822 4312 were
840 4257 956 4312 enabled
975 4264 1005 4311 to
1023 4273 1102 4328 carry
1121 4276 1157 4312 on
1175 4259 1212 4328 by
1229 4260 1278 4314 the
1296 4277 1381 4327 vague
1398 4263 1454 4315 and

300 4343 412 4410 shifting
432 4357 480 4396 use
501 4341 533 4396 oi
550 4341 617 4396 such
639 4343 730 4396 words
750 4359 780 4395 as
800 4342 970 4409 generation,
992 4342 1160 4411 corruption,
1186 4345 1301 4410 motion,
1325 4342 1379 4397 and
1402 4344 1452 4399 the

299 4429 441 4564 blf-Tm
453 4508 484 4578 is,
496 4509 644 4580 according
655 4516 686 4564 to
698 4510 746 4564 the
757 4513 853 4564 extent
867 4507 899 4563 of
908 4525 959 4562 our
971 4507 1134 4578 experience
1146 4508 1179 4564 ol
1188 4509 1236 4563 the
1248 4509 1365 4580 objects.
