3306 5102
267 417 330 505 378
644 430 801 485 norun
822 429 1041 488 ORGANUM

267 591 356 673 quod
388 601 487 657 noctu
517 593 670 676 splendet
679 591 714 672 ³⁸,
744 593 1003 676 deprehenditur
1034 594 1077 658 ad
1108 601 1235 657 tactum
1265 593 1420 658 calidum.

269 693 368 758 Calor
396 707 509 761 autem
540 699 573 761 in
603 698 743 780 putridis
773 699 975 781 quandoque
1004 718 1041 762 se
1071 698 1181 780 prodit
1212 718 1271 780 per
1301 700 1421 762 odores

265 809 369 864 tetros
392 812 425 864 et
447 802 557 866 fortes,

311 903 339 968 8.
364 905 492 969 Primus
522 907 634 988 itaque
663 905 781 970 caloris
809 907 940 988 gradus,
966 926 1010 968 ex
1040 905 1079 968 iis
1109 926 1195 987 quae
1221 906 1264 969 ad
1292 915 1419 970 tactum

266 1006 448 1072 humanum
471 1011 696 1092 percipiuntur
718 1009 833 1086 calida,
854 1010 984 1073 videtur
1007 1029 1078 1072 esse
1104 1009 1194 1073 calor
1218 1010 1420 1086 animalium,

268 1113 323 1194 qui
340 1113 425 1175 bene
441 1133 596 1195 magnam
617 1113 717 1177 habet
736 1115 898 1195 graduum
914 1112 1135 1176 latitudinem.
1181 1112 1270 1176 Nam
1287 1113 1420 1176 infimus

267 1216 389 1296 gradus
412 1213 463 1302 (ut
487 1219 519 1280 in
542 1213 690 1302 insectis)
712 1218 770 1280 vix
792 1218 835 1280 ad
859 1226 986 1281 tactum
1008 1217 1243 1299 deprenditur;
1271 1237 1420 1279 summus

267 1327 381 1382 autem
406 1322 528 1402 gradus
549 1322 608 1383 vix
630 1321 765 1402 attingit
785 1319 828 1382 ad
850 1320 991 1401 gradum
1014 1319 1132 1382 caloris
1155 1320 1321 1382 radiorum
1340 1319 1420 1382 solis

268 1421 302 1484 in
324 1424 509 1504 regionibus
532 1435 566 1488 et
588 1425 792 1506 temporibus
815 1424 963 1486 maxime
984 1421 1229 1500 ferventibus³⁹,
1247 1443 1353 1505 neque
1374 1423 1420 1486 ita

268 1527 351 1588 acris
370 1536 420 1590 est
440 1527 519 1608 quin
540 1528 671 1592 tolerari
690 1528 794 1611 possit
815 1550 835 1591 a
857 1547 966 1591 manu.
1012 1525 1058 1590 Et
1079 1536 1192 1590 tamen
1214 1526 1357 1590 referunt
1378 1528 1421 1591 de

270 1628 467 1694 Constantio
478 1629 514 1708 ⁴⁰,
537 1631 676 1715 aliisque
697 1630 862 1695 nonnullis
884 1631 941 1712 qui
964 1631 1208 1694 constitutionis
1232 1641 1264 1693 et
1288 1631 1420 1694 habitus

269 1735 412 1814 corporis
438 1736 620 1798 admodum
648 1737 724 1799 sicci
755 1735 894 1812 fuerunt,
921 1735 1011 1816 quod
1042 1735 1242 1797 acutissimis
1273 1733 1421 1798 febribus

269 1838 409 1918 correpti
440 1838 486 1900 ita
518 1838 710 1902 incaluerint
740 1848 777 1902 ut
806 1859 942 1901 manum
976 1839 1149 1901 admotam
1178 1837 1420 1921 aliquantulum

270 1960 362 2002 urere
383 1942 444 2003 visi
466 1941 540 2006 sint.

313 2061 341 2124 9.
365 2043 543 2118 Animalia,
560 2066 604 2108 ex
621 2054 712 2109 motu
729 2055 762 2109 et
778 2046 1025 2122 exercitatione,
1043 2065 1086 2108 ex
1104 2045 1182 2108 vino
1196 2053 1230 2107 et
1245 2044 1360 2126 epulis,
1376 2065 1420 2108 ex

268 2168 395 2225 venere,
411 2168 454 2210 ex
470 2147 614 2211 febribus
629 2150 828 2226 ardentibus
845 2159 878 2212 et
894 2170 938 2211 ex
955 2149 1078 2226 dolore,
1094 2157 1258 2230 augentur
1273 2149 1391 2212 calore.

316 2268 364 2315 10.
387 2251 565 2329 Animalia,
582 2254 615 2316 in
629 2254 815 2318 accessibus
830 2253 970 2316 febrium
987 2253 1284 2329 intermittendum,
1298 2273 1318 2314 a
1332 2252 1421 2333 prin·

270 2355 356 2435 cipio
377 2355 496 2437 frigore
517 2366 550 2419 et
571 2356 704 2420 horrore
724 2358 950 2440 corripiuntur,
965 2357 1024 2419 sed
1046 2355 1146 2438 paulo
1165 2365 1241 2436 post
1261 2355 1421 2437 majorem

269 2458 303 2520 in
331 2461 467 2523 modum
495 2461 716 2539 incalescunt3
748 2463 837 2543 quod
866 2461 966 2524 etiam
992 2459 1117 2522 faciunt
1147 2479 1168 2521 a
1197 2459 1358 2542 principio
1388 2459 1421 2522 in

269 2565 465 2626 causonibus
475 2562 501 2600 ⁴¹
516 2573 550 2627 et
564 2564 708 2628 febribus
725 2563 1008 2647 pestilentialibus.

317 2685 365 2731 11.
390 2669 577 2750 Inquiratur
593 2668 726 2732 ulterius
748 2669 790 2732 de
811 2668 919 2731 calore
942 2673 1135 2746 comparato
1153 2663 1186 2727 in
1202 2665 1337 2729 diversis
1351 2668 1422 2729 ani·

270 2758 420 2845 malibus,
443 2773 545 2835 veluti
568 2773 721 2854 piscibus,
743 2771 1022 2854 quadrupedibus
1044 2769 1262 2850 serpentibus,
1285 2770 1420 2848 avibus;

268 2885 369 2956 atque
395 2875 494 2938 etiam
518 2877 698 2938 secundum
721 2876 847 2956 species
873 2875 1028 2956 ipsorum,
1055 2880 1091 2934 ut
1115 2872 1148 2933 in
1172 2871 1275 2949 leone,
1299 2873 1420 2949 milvio,

269 2976 423 3055 homine3
446 2998 523 3040 nam
545 2999 588 3040 ex
608 2978 733 3059 vulgari
755 2979 919 3060 opinione,
935 2977 1042 3060 pisces
1062 2995 1121 3057 per
1139 2975 1293 3038 interiora
1313 2976 1421 3039 minus

305 3367 327 3400 ⁸⁸
345 3369 415 3423 This
427 3371 631 3440 phenornenon,
644 3389 673 3425 as
684 3370 794 3439 already
806 3370 905 3436 stated,
918 3371 940 3422 is
954 3367 1007 3422 due
1020 3375 1050 3423 to
1062 3369 1326 3438 phosphorescence.

305 3451 327 3484 ⁸⁹
346 3454 527 3508 Blood-Heat
540 3457 562 3508 is
575 3455 689 3508 marked
701 3462 729 3507 at
743 3457 789 3520 98⁰
804 3453 970 3507 Fahrenheit
988 3454 1043 3506 and
1062 3454 1243 3506 Fever-Heat
1260 3461 1288 3506 at
1310 3450 1371 3506 112⁰
1385 3468 1422 3505 on

269 3536 318 3590 the
331 3538 460 3606 ordinary
471 3539 708 3592 Thermometers.
736 3538 830 3590 These
842 3553 889 3590 are
902 3536 1091 3604 considerably
1103 3537 1192 3590 below
1204 3536 1252 3590 the
1265 3538 1382 3589 number
1394 3534 1426 3588 of

270 3619 383 3688 degrees
404 3622 494 3675 which
517 3623 564 3675 the
584 3623 801 3676 Thermometer
824 3621 982 3673 sometimes
1004 3621 1095 3673 marks
1116 3622 1143 3673 in
1165 3620 1213 3674 the
1231 3637 1283 3673 suu
1304 3636 1373 3674 eren
1394 3619 1422 3671 in

270 3711 424 3773 temperate
437 3706 569 3760 climates.

306 3787 328 3818 ¹⁰
347 3788 410 3841 The
423 3805 522 3857 person
536 3789 642 3843 alluded
654 3796 685 3843 to
698 3790 720 3842 is
731 3787 908 3841 Constantius
923 3787 960 3849 ll,
970 3804 1019 3841 son
1032 3787 1064 3840 of
1075 3786 1256 3840 Constantine
1268 3785 1317 3839 the
1327 3787 1422 3839 Great.

271 3871 327 3926 Mr.
341 3872 406 3925 Ellis
424 3873 510 3926 refers
528 3879 559 3926 to
573 3875 732 3926 Ammianus
752 3871 938 3936 Marcellinus,
951 3870 995 3924 lib.
1009 3871 1064 3922 xxi.
1077 3885 1137 3938 cap.
1153 3886 1193 3933 15.
1230 3869 1294 3921 The
1312 3884 1422 3937 passage
1520 3925 1524 3934 ,

270 3971 336 4008 runs
357 3973 386 4008 as
405 3955 525 4010 follows:
545 3957 758 4025 ‘paullatimque
780 3961 878 4008 urente
900 3953 991 4006 calore
1016 3954 1101 4005 nimio
1122 3967 1213 4014 venas,
1236 3957 1268 4004 ut
1290 3967 1325 4004 ne
1349 3951 1423 4018 tangi

270 4039 381 4106 quidem
400 4055 499 4108 corpus
518 4040 576 4107 ejus
596 4045 688 4107 posset
708 4039 734 4090 in
755 4036 868 4090 modurn
887 4037 970 4090 foculi
990 4035 1107 4102 fervens,
1124 4049 1188 4088 cum
1208 4051 1272 4087 usus
1292 4035 1423 4088 deficeret

271 4122 459 4188 medullarum,
472 4123 597 4175 ultimum
610 4122 714 4190 spirans
727 4121 845 4173 deflebat
858 4119 991 4173 exitium)

306 4203 328 4234 ⁴¹
347 4204 410 4257 The
433 4206 509 4257 word
531 4203 633 4258 καύσων
655 4206 677 4257 is
697 4203 842 4272 employed
867 4203 895 4258 in
917 4202 963 4255 the
986 4201 1055 4254 New
1074 4201 1238 4253 Testament
1259 4205 1292 4252 to
1312 4214 1423 4267 express

270 4305 287 4341 a
305 4287 431 4354 hurning,
450 4289 593 4355 scorching
612 4288 684 4354 beat,
700 4303 729 4340 as
748 4287 776 4339 in
795 4286 879 4339 Matr.
900 4302 944 4339 xx.
962 4302 1003 4350 12,
1020 4283 1100 4337 Lulre
1115 4284 1162 4337 xii.
1178 4301 1220 4349 55,
1235 4284 1328 4353 James
1347 4283 1364 4336 i.
1382 4299 1422 4336 11.

273 4371 305 4424 ln
324 4371 371 4423 the
392 4371 560 4440 Septuagint,
574 4373 594 4423 it
612 4371 749 4439 generally
769 4386 862 4424 means
880 4368 928 4421 the
948 4369 1014 4421 East
1031 4367 1125 4434 Wind,
1138 4384 1167 4420 as
1185 4367 1267 4434 being
1285 4367 1332 4420 the
1350 4365 1423 4419 wind

271 4453 360 4508 which
378 4454 470 4521 brings
489 4455 538 4508 hot
555 4453 609 4507 and
627 4453 771 4520 scorching
783 4454 913 4507 weather.
951 4451 1029 4504 Here
1048 4451 1069 4503 it
1088 4456 1161 4504 must
1178 4451 1213 4504 be
1232 4450 1377 4520 employed
1393 4465 1423 4502 as

270 4537 318 4591 the
330 4537 485 4606 equivalent
497 4537 529 4591 of
539 4542 642 4605 καῦσος,
654 4555 670 4592 a
682 4537 789 4606 biliou3‚
801 4537 988 4592 intermittent
1000 4533 1085 4588 fever.
