3346 5104
318 405 379 474 262
695 415 852 474 NOVUM
872 414 1091 471 ORGANUM.

316 588 350 642 et
374 577 598 661 experientiae
621 577 693 641 luce
714 575 874 642 fundatae
896 585 981 656 sunt,
1005 585 1120 640 contra
1143 575 1272 639 evenire
1293 572 1468 636 videmus:

316 704 401 765 quae
424 680 597 768 (quamdiu
620 678 767 766 placent)
789 680 891 744 veluti
914 681 1029 763 spiritu
1054 681 1199 762 quodam
1223 677 1369 760 repletae
1391 696 1469 740 con-

315 788 408 852 tinuo
430 794 587 869 vegetant
610 795 643 849 et
665 794 837 864 crescunt3
861 785 969 867 primo
992 785 1098 863 rudes,
1121 783 1242 847 deinde
1265 781 1470 858 commodae,

315 901 432 974 postea
450 890 614 966 excultae,
631 898 664 953 et
680 899 841 972 perpetuo
857 898 984 953 auctae.

816 1049 958 1114 LXXV.

360 1173 472 1238 Etiam
488 1173 577 1238 aliud
593 1173 724 1256 signum
741 1171 938 1255 capiendum
955 1180 1005 1235 est
1017 1167 1058 1256 (si
1077 1171 1177 1235 modo
1192 1171 1276 1253 signi
1288 1170 1468 1253 appellatio

315 1277 391 1343 huic
422 1288 614 1362 competat;
653 1298 728 1340 cum
764 1276 875 1359 potius
907 1276 1134 1339 testimonium
1173 1277 1222 1354 sit,
1251 1284 1352 1356 atque
1382 1275 1467 1337 adeo

314 1383 581 1447 testimoniorum
603 1382 750 1446 omnium
771 1378 1046 1464 validissimum);
1068 1378 1132 1442 hoc
1155 1389 1212 1458 est,
1234 1379 1365 1461 propria
1388 1399 1467 1442 con-

314 1485 413 1550 sessio
431 1486 618 1563 authorum,
638 1506 722 1568 quos
744 1481 895 1547 homines
916 1503 1002 1547 nunc
1022 1492 1210 1565 sequuntur.
1256 1483 1346 1546 Nam
1369 1492 1402 1546 et
1420 1483 1466 1545 illi

313 1591 369 1673 qui
390 1600 483 1655 tanta
506 1590 626 1654 fiducia
649 1589 692 1652 de
715 1588 812 1652 rebus
834 1588 1057 1670 pronuntiant,
1079 1597 1191 1651 tamen
1214 1607 1273 1670 per
1296 1587 1467 1650 intervalla

312 1713 387 1758 cum
414 1695 457 1758 ad
482 1715 517 1757 se
544 1694 691 1771 redeunt,
716 1692 759 1754 ad
784 1691 1005 1773 querimonias
1032 1691 1075 1753 de
1106 1700 1243 1754 naturae
1273 1690 1466 1769 subtilitate,

312 1818 420 1863 rerum
436 1799 644 1876 obscuritate,
662 1796 798 1860 humani
815 1795 936 1877 ingenii
958 1795 1156 1874 infirmitate,
1173 1816 1209 1858 se
1227 1805 1422 1859 convertunt
1433 1794 1466 1858 ⁰⁷.

313 1903 388 1967 Hoc
404 1923 481 1966 vero
493 1903 520 1966 si
536 1901 728 1984 simpliciter
740 1900 934 1979 fieret‚alios
952 1899 1100 1978 fortasse,
1113 1900 1168 1981 qui
1183 1908 1260 1962 sunt
1276 1899 1466 1977 timidiores,

311 2007 355 2069 ab
376 2006 519 2070 ulteriori
541 2005 752 2088 inquisitione
770 2005 942 2082 deterrere,
959 2003 1041 2065 alios
1055 2024 1141 2079 vero,
1158 2003 1214 2084 qui
1236 2012 1312 2066 sunt
1333 2002 1465 2084 ingenio

311 2110 460 2174 alacriori
478 2119 511 2173 et
527 2109 633 2190 magis
656 2107 781 2186 fidenti,
797 2108 840 2172 ad
860 2108 1048 2171 ulteriorem
1065 2126 1274 2189 progressum
1291 2126 1408 2170 acuere
1431 2116 1466 2170 et

312 2215 447 2277 incitare
463 2215 576 2296 possit.
620 2213 746 2277 Verum
769 2232 835 2275 non
858 2213 938 2275 satis
961 2211 1025 2274 illis
1048 2221 1098 2274 est
1114 2213 1156 2275 de
1174 2233 1210 2274 se
1232 2210 1389 2289 confiteri,
1405 2211 1463 2274 sed

311 2319 466 2400 quicquid
483 2318 544 2381 sibi
561 2318 639 2400 ipsis
660 2326 719 2380 aut
734 2316 899 2399 magistris
917 2317 983 2378 suis
1002 2316 1206 2397 incognitum
1227 2324 1285 2379 aut
1303 2317 1464 2379 intactum

311 2419 409 2484 suerit
439 2422 472 2485 id
504 2430 600 2484 extra
629 2421 789 2484 terminos
815 2420 979 2503 possibilis
1003 2429 1143 2502 ponunt,
1169 2429 1202 2482 et
1229 2429 1388 2501 tanquam
1420 2441 1465 2483 ex

310 2522 415 2589 arte⁹⁸
446 2525 579 2607 cognitu
610 2533 668 2588 aut
697 2523 787 2588 sactu
826 2523 1029 2605 impossibile
1058 2523 1295 2604 pronuntiant:
1333 2543 1465 2586 summa

310 2627 464 2710 superbia
479 2638 513 2691 et
529 2628 651 2691 invidia
667 2647 801 2690 suorum
818 2628 1024 2690 inventorum
1038 2626 1263 2689 infirmitatem
1280 2627 1312 2688 in
1329 2636 1466 2690 naturae

310 2732 412 2812 ipsius
427 2731 627 2795 calumniam
644 2741 677 2794 et
693 2730 834 2794 aliorum
849 2730 998 2793 omnium
1015 2731 1278 2812 desperationem
1289 2740 1464 2794 vertentes

312 2835 402 2899 Hinc
418 2835 532 2899 schola
546 2834 753 2899 Academiae
768 2855 881 2912 novae,
898 2854 983 2915 quae
1004 2834 1231 2914 acatalepsiam
1250 2855 1294 2897 ex
1315 2833 1465 2915 professo

309 2941 424 3015 tenuit,
441 2949 474 3003 et
490 2940 640 3003 homines
656 2939 699 3002 ad
710 2939 926 3020 sempiternas
944 2939 1096 3001 tenebras
1111 2938 1280 3001 damnavit
1291 2937 1327 3000 ⁹⁹.
1374 2937 1464 3002 Hinc

310 3106 392 3174 hujus
405 3108 535 3160 contrarii
548 3124 689 3161 successus
701 3123 810 3160 causam
823 3108 959 3160 veriorem
976 3123 1043 3174 esse,
1056 3123 1140 3176 quam
1156 3107 1232 3176 quod
1249 3108 1276 3161 in
1294 3107 1466 3161 Mechauicis

311 3189 462 3242 multorum
484 3191 592 3257 ingenia
614 3191 641 3242 in
668 3207 752 3243 unum
776 3193 892 3258 cohunt;
921 3191 949 3242 in
974 3189 1147 3259 Philosophia
1171 3199 1273 3257 autem,
1296 3191 1465 3258 singulorum

310 3273 418 3339 ingenia
431 3273 466 3326 ab
479 3289 534 3326 uuo
549 3275 678 3343 quopiam
695 3274 883 3327 destruuntur.
920 3273 992 3327 Nam
1011 3281 1155 3343 postquam
1173 3274 1289 3328 dedititii
1307 3275 1373 3328 facti
1391 3282 1465 3342 sunt,

309 3357 517 3425 amplitudinem
530 3373 585 3411 non
599 3357 717 3424 addere;
741 3357 789 3411 sed
802 3358 829 3411 in
845 3374 901 3410 uno
916 3358 1040 3411 ornando
1057 3365 1105 3411 aut
1122 3358 1249 3426 stipando
1268 3359 1356 3412 servili
1374 3359 1465 3412 officio

309 3441 447 3508 occupari.
485 3442 578 3506 Quare
592 3457 703 3494 omnem
718 3441 915 3510 philosophiam
927 3441 962 3494 ab
975 3442 1159 3510 experientiae
1172 3442 1308 3495 radicibus
1320 3460 1354 3495 ex
1367 3443 1466 3511 quibus

310 3525 429 3592 primum
443 3523 582 3593 pullulavit
595 3529 625 3578 et
640 3523 841 3579 incrementum
853 3525 928 3594 cepit
941 3527 1067 3592 avulsam,
1079 3542 1140 3579 rem
1153 3531 1292 3578 mortuam
1305 3529 1380 3580 esse.’

344 3603 365 3637 ⁹⁷
386 3608 532 3677 Compare,
546 3606 591 3660 for
603 3607 735 3674 instance,
748 3608 796 3662 the
809 3609 900 3662 words
912 3610 1036 3662 ascribed
1048 3613 1080 3664 to
1094 3610 1295 3678 Xenophanes:

451 3691 501 3744 Καὶ
519 3692 548 3744 τὸ
566 3691 613 3758 μέν
631 3689 676 3744 οὖν
694 3691 780 3761 σαφὲς
798 3695 867 3747 οὔτις
884 3691 947 3762 ἀνὴρ
964 3689 1019 3746 'idrv
1037 3692 1098 3746 οὐδέ
1110 3715 1148 3748 ru·
1165 3693 1240 3748 iurat

450 3774 532 3841 εἰδώς,
551 3771 620 3843 ἀμφὶ
638 3773 703 3828 θεῶν
720 3797 749 3829 τε
767 3777 808 3828 καὶ
826 3775 899 3830 ἅσσα
917 3776 987 3846 λέγω
1005 3777 1064 3846 περὶ
1082 3777 1191 3830 πάντων

451 3857 475 3911 ri
492 3857 542 3928 γὰρ
562 3857 603 3911 καὶ
621 3859 653 3910 τὰ
671 3858 788 3926 μάλιστα
805 3857 880 3929 τύχοι
897 3859 1083 3928 τετελεσμένον
1100 3859 1186 3928 εἶπών,

451 3941 528 3995 αὐτὸς
545 3939 614 4009 ὅμως
632 3941 677 3994 οὐκ
695 3937 757 3994 οἶδε·
783 3942 857 3998 δοκὸς
875 3939 898 3996 δ’
917 3942 960 3996 ἐπὶ
977 3945 1043 3998 πᾶσι
1062 3943 1187 3996 τέτυκται.

345 4022 366 4053 ⁹⁸
384 4025 438 4075 ‘As
460 4022 483 4076 if
502 4040 539 4076 ou
559 4025 608 4077 the
630 4024 770 4092 authority
790 4025 823 4080 of
841 4026 914 4079 their
935 4026 997 4092 art,’
1018 4043 1052 4080 or
1075 4027 1192 4096 perhaps
1217 4027 1261 4080 ‘as
1282 4025 1306 4078 if
1327 4026 1393 4096 they
1412 4026 1466 4080 had

309 4106 441 4160 scientific
453 4107 574 4174 grounds
587 4107 631 4160 for
642 4110 737 4177 saying
748 4110 798 4162 so.'

344 4187 366 4219 ⁹⁹
387 4189 470 4242 From
489 4190 562 4242 what
581 4189 629 4243 has
648 4190 757 4260 already
776 4191 847 4244 been
865 4192 924 4244 said
942 4208 979 4244 on
998 4191 1046 4244 the
1065 4191 1134 4246 New
1157 4192 1297 4260 Academy
1321 4192 1402 4263 (Aph.
1425 4209 1467 4261 37,

309 4287 337 4325 n,
351 4270 406 4340 41),
419 4272 440 4324 it
459 4272 512 4326 will
530 4273 565 4325 be
581 4288 647 4325 seen
666 4273 726 4326 that
744 4273 799 4326 this
817 4273 839 4326 is
857 4291 891 4327 an
911 4276 1094 4342 exaggerated
1113 4276 1182 4329 view
1199 4274 1232 4328 oi
1247 4275 1320 4328 their
1339 4277 1467 4344 position.

310 4355 337 4407 T
339 4353 431 4420 hough
455 4355 522 4424 they
551 4356 675 4424 rejected
700 4357 871 4426 ‘certainty,’
895 4357 961 4425 they
986 4359 1157 4412 constituted
1181 4361 1288 4412 various
1311 4359 1408 4426 grades
1437 4359 1471 4414 of

309 4437 482 4506 probability,
502 4438 564 4503 and,
584 4438 733 4506 therefore,
754 4455 805 4493 cau
826 4439 922 4509 hardly
943 4441 978 4494 he
998 4441 1056 4494 said
1073 4447 1102 4496 to
1121 4443 1189 4498 have
1207 4443 1382 4498 condemned
1401 4459 1466 4498 meu

309 4527 341 4572 to
353 4521 458 4574 eternal
470 4521 609 4576 darkness.
1503 4518 1505 4534 ¹
