3220 5102
359 433 424 503 ff
737 420 1220 499 rvorsurrmrmrrurrr.⁴

359 591 523 657 ambitum
546 586 673 654 coeliii.
720 586 821 650 Hunc
850 583 974 650 Schola
1000 583 1134 650 nomine
1159 584 1275 649 Motus
1299 584 1499 648 Ναινιναὴζςτι

360 695 547 778 insignivit:
581 692 644 757 levi
675 688 967 772 contemplatione,
997 689 1075 770 quia
1105 689 1230 754 scilicet
1259 689 1305 753 nil
1337 689 1500 772 spectabile

360 809 430 862 erat
454 799 498 862 ab
524 807 621 861 extra
647 795 735 877 quod
762 814 838 858 eum
866 803 995 856 motum
1021 793 1120 858 cieret
1153 790 1281 879 (itaque
1311 794 1409 856 rebus
1435 793 1500 874 ipsis

360 904 510 968 innatum
533 911 635 983 atque
657 899 792 962 insitum
816 894 981 983 putavit);
1011 908 1070 962 aut
1096 897 1180 962 sorte
1205 898 1286 980 quia
1311 917 1381 961 non
1402 907 1501 961 cessat

360 1007 433 1070 Nee
463 1007 601 1069 mirum:
636 1022 768 1085 semper
798 1001 887 1065 enirn
916 1011 1048 1083 praesto
1078 1012 1155 1065 sunt
1185 1001 1316 1066 coelum
1348 1012 1384 1064 et
1412 1011 1501 1078 tena;

359 1131 433 1174 cum
465 1131 483 1173 e
517 1117 631 1173 contra
664 1127 782 1172 causae
816 1115 849 1168 et
882 1106 1024 1186 origines
1057 1104 1273 1188 plurimorum
1305 1127 1355 1169 ex
1388 1105 1503 1187 reliquis

361 1215 505 1278 motibus
521 1212 687 1276 interdurn
704 1210 823 1288 absint,
839 1209 1004 1273 interdum
1023 1210 1145 1274 adsint.
1189 1209 1307 1292 Itaque
1326 1209 1425 1286 hunc,
1439 1208 1504 1289 quia

361 1337 427 1380 non
450 1316 637 1382 intermittit
659 1315 717 1378 sed
741 1313 879 1377 caeteris
906 1313 1201 1377 intermittentibus
1228 1315 1346 1376 statim
1370 1313 1504 1387 occurrit,

359 1430 557 1503 perpetuum
595 1426 629 1482 et
667 1417 856 1500 proprium3
895 1416 1039 1498 reliquos
1075 1417 1235 1482 ascititios
1271 1418 1399 1499 posuit.
1455 1415 1505 1478 Est

360 1534 473 1590 autem
501 1525 563 1589 iste
595 1532 705 1587 motus
736 1540 847 1584 revera
874 1520 955 1584 satis
982 1520 1130 1585 infirmus
1160 1531 1193 1586 et
1219 1520 1332 1600 hebes,
1360 1531 1505 1602 tanquam

360 1627 459 1710 isqui
475 1625 551 1712 (nisi
563 1626 606 1691 sit
619 1623 723 1688 moles
735 1624 879 1707 corporis
896 1621 1015 1709 major)
1031 1625 1172 1688 caeteris.
1184 1624 1341 1702 motibus,
1359 1623 1505 1706 quamdiu

361 1741 546 1814 operantur,
569 1730 666 1795 cedat
689 1738 722 1792 et
744 1727 948 1816 succumbat.
993 1726 1110 1810 Atque
1136 1749 1211 1792 cum
1238 1727 1291 1792 hic
1320 1739 1434 1791 motus
1458 1727 1506 1788 ho

361 1836 488 1899 minum
518 1833 735 1915 cogitationes
766 1833 811 1895 ita
842 1830 1029 1913 impleverit
1062 1841 1099 1894 ut
1129 1830 1197 1895 iere
1229 1832 1378 1914 reliquos
1411 1839 1507 1894 motus

360 1937 582 2014 occultaverit,
608 1945 722 1999 tamen
748 1955 865 2017 parum
892 1944 942 1998 est
969 1935 1059 2017 quod
1082 1933 1233 1998 homines
1259 1936 1302 1999 de
1332 1955 1375 1999 eo
1405 1935 1507 2010 sciunt,

361 2042 418 2104 sed
436 2041 468 2103 in
485 2039 598 2102 multis
613 2039 698 2104 circa
713 2038 806 2100 iilum
823 2038 984 2102 erroribus
1000 2048 1180 2103 versantur.

404 2139 455 2227 (8)
478 2141 530 2205 Sit
561 2141 676 2204 Motus
709 2139 866 2215 Octavus,
898 2141 1012 2205 Motus
1048 2141 1313 2224 Congregatiomb
1344 2141 1506 2212 Minoris:

360 2267 542 2330 perquem
565 2255 676 2328 partes
702 2244 928 2328 homogeneae
955 2245 989 2310 in
1014 2267 1149 2329 corpore
1171 2246 1283 2330 aliquo
1302 2256 1462 2329 separant
1480 2265 1508 2307 se

359 2352 403 2415 ab
432 2349 668 2432 heterogeneis,
698 2358 732 2414 et
766 2357 885 2414 coe'unt
915 2350 1001 2414 inter
1031 2349 1161 2428 sese⁷⁵3
1195 2371 1255 2433 per
1283 2371 1387 2432 quem
1419 2351 1508 2414 etiam

360 2477 497 2538 corpora
520 2455 648 2536 integra
669 2475 714 2516 ex
733 2454 947 2519 similitudine
976 2453 1180 2518 substantiae
1208 2475 1244 2517 se
1269 2454 1509 2537 amplectuntur

361 2570 394 2623 et
411 2560 530 2633 fovent,
548 2567 581 2623 et
601 2559 800 2640 quandoque
818 2559 862 2621 ad
883 2558 1076 2622 distantiam
1097 2558 1242 2641 aliquam
1264 2567 1509 2642 congregantur,

361 2663 579 2740 attrahuntur,
602 2671 636 2726 et
658 2663 858 2725 conveniunt
867 2661 913 2725 ⁷⁰:
944 2661 1045 2725 veluti
1069 2682 1144 2725 curn
1168 2662 1201 2725 in
1225 2662 1311 2726 lacte
1333 2663 1399 2727 iios
1425 2661 1508 2726 lactis

360 2777 436 2850 post
460 2786 589 2830 moram
610 2764 757 2847 aliquam
780 2775 973 2846 supernatat
980 2789 991 2841 ,-
1015 2767 1050 2828 in
1071 2765 1149 2829 vino
1171 2765 1279 2830 faeces
1298 2775 1332 2830 et
1355 2775 1507 2830 tartarum

359 2872 535 2936 subsidunt
547 2869 583 2934 Π.
629 2869 749 2951 Neque
776 2869 863 2933 enim
889 2869 971 2933 haec
998 2869 1082 2933 fiunt
1108 2878 1318 2952 permotum
1344 2870 1509 2952 gravitatis

359 2985 395 3038 et
417 2975 561 3039 levitatis
583 2983 724 3051 tantum,
741 2982 778 3037 ut
800 2973 883 3036 aliae
906 2983 1017 3054 partes
1040 2973 1267 3037 summitatem
1290 2983 1419 3055 petant,
1433 2973 1508 3036 aliae

359 3078 402 3140 ad
426 3079 529 3142 imum
551 3087 709 3160 vergant3
740 3077 798 3140 sed
822 3076 927 3140 multo
955 3077 1060 3160 magis
1087 3097 1146 3159 per
1172 3077 1372 3140 desiderium
1400 3077 1508 3140 homo·

395 3287 417 3320 ⁷⁸
436 3291 486 3358 Cp.
498 3291 514 3344 i.
526 3293 576 3357 66;
594 3291 621 3344 ii.
634 3308 683 3360 353
702 3295 734 3358 36
747 3291 786 3362 (3)
798 3311 805 3361 3
819 3309 872 3360 453
887 3295 930 3359 46,
940 3292 1006 3346 with
1016 3292 1065 3347 the
1074 3299 1155 3346 notes
1163 3309 1199 3346 on
1207 3292 1255 3347 the
1265 3293 1372 3347 various
1384 3307 1508 3362 passages

361 3373 424 3428 The
446 3374 610 3441 concluding
630 3375 817 3429 observations
837 3376 869 3430 of
886 3377 939 3429 this
959 3377 1066 3430 section
1087 3393 1134 3430 are
1152 3393 1217 3446 very
1236 3377 1416 3443 remarkable,
1436 3376 1507 3428 when

359 3457 463 3511 riewed
480 3457 507 3510 in
526 3457 574 3510 the
591 3456 657 3524 light
675 3458 708 3512 of
723 3458 771 3512 the
784 3459 950 3513 discoveries
966 3467 998 3513 to
1015 3461 1050 3514 be
1068 3459 1150 3514 made
1160 3459 1280 3514 towards
1290 3461 1339 3514 the
1352 3460 1407 3514 end
1420 3459 1452 3514 oi
1466 3458 1506 3512 tbe

359 3547 475 3610 century
489 3541 524 3609 by
537 3541 666 3596 Newton.

394 3623 418 3656 ⁷⁴
436 3627 480 3678 On
499 3625 546 3678 the
565 3625 722 3679 distinction
742 3624 868 3679 between
888 3624 1003 3680 Natural
1022 3627 1077 3680 and
1096 3627 1207 3680 Violent
1227 3627 1346 3695 Molion,
1366 3645 1415 3682 see
1430 3628 1449 3682 i.
1462 3629 1505 3686 6⁶5

359 3709 387 3764 ii.
402 3712 433 3774 36
448 3709 498 3778 (⁶),
510 3709 578 3761 with
590 3715 657 3762 note
671 3727 700 3776 51
718 3725 753 3762 on
766 3709 813 3763 the
826 3707 933 3763 former
945 3711 1099 3778 Aphorism.

394 3791 416 3824 ²⁶
435 3792 527 3846 These
539 3793 712 3860 phenomena
723 3809 787 3862 may
799 3793 833 3846 all
845 3793 880 3846 be
893 3793 1017 3848 referred
1030 3800 1060 3847 to
1073 3794 1205 3848 chemical
1217 3793 1332 3863 affinity,
1342 3801 1374 3847 to
1387 3793 1504 3863 capillar5

360 3877 518 3941 attraction,
537 3891 570 3927 or
587 3881 618 3928 to
635 3875 683 3928 the
704 3892 844 3944 processes
862 3876 895 3930 oi
913 3877 1081 3931 mechanical
1102 3878 1278 3931 distribution
1297 3878 1454 3947 dependent
1473 3892 1503 3928 on

359 3961 505 4014 variations
522 3959 548 4010 in
562 3959 627 4024 size,
639 3958 720 4026 form,
733 3960 843 4026 weight
856 3976 889 4012 or
905 3961 1015 4028 specific
1032 3961 1146 4030 gravity.
1184 3963 1347 4015 Sometimes
1365 3963 1387 4014 it
1402 3977 1463 4030 may
1474 3959 1503 4010 be

359 4061 375 4097 a
388 4043 513 4112 question
527 4049 556 4094 to
570 4041 659 4094 which
671 4041 704 4095 ol
713 4041 791 4095 these
804 4059 898 4097 causes
910 4061 925 4097 a
937 4045 1131 4112 phenomenon
1145 4060 1206 4112 may
1219 4045 1254 4098 be
1268 4044 1330 4099 due.

394 4125 416 4158 ²⁶
434 4129 459 4180 A
475 4125 548 4193 good
566 4125 688 4178 instance
701 4126 792 4179 would
809 4126 845 4179 be
858 4126 918 4180 that
936 4127 968 4180 of
983 4133 1039 4181 two
1058 4128 1149 4194 coriis,
1162 4127 1231 4180 both
1246 4133 1300 4180 wet
1316 4144 1348 4180 or
1366 4127 1433 4181 both
1451 4125 1504 4192 dry,

358 4211 470 4276 floating
478 4226 544 4263 near
553 4208 620 4261 each
629 4208 711 4261 other
723 4225 759 4262 on
774 4215 867 4263 water.
905 4211 961 4263 For
971 4227 1006 4264 an
1019 4212 1192 4281 explanation
1203 4209 1235 4264 of
1245 4211 1298 4264 this
1308 4210 1503 4278 phenomenon,

357 4309 403 4347 see
418 4293 553 4345 Everett’s
566 4291 744 4345 Translation
757 4291 789 4346 os
799 4293 977 4347 Deschanel's
990 4293 1054 4347 Nat.
1065 4293 1134 4349 Phil.
1146 4293 1190 4347 Pt.
1204 4295 1222 4348 i.
1235 4311 1261 4363 p.
1275 4312 1285 4347 r
1292 4296 1324 4358 3⁶
1329 4331 1336 4360 ,
1347 4310 1381 4346 or
1393 4292 1503 4360 Dagon,

359 4375 457 4429 Traite
470 4375 505 4427 de
518 4375 664 4444 Physique,
678 4375 769 4429 Tome
783 4377 800 4430 i.
812 4392 857 4445 pp.
873 4395 978 4444 209-10
1007 4368 1073 4430 ,lma
1084 4376 1158 4446 Ed).

393 4455 415 4488 Π
436 4459 468 4510 ln
481 4457 549 4510 both
562 4475 645 4524 cases,
655 4458 706 4511 the
716 4458 910 4526 phenomenon
921 4461 942 4514 is
955 4460 1009 4515 due
1019 4467 1049 4513 to
1062 4461 1225 4515 differences
1238 4459 1270 4515 oi
1278 4460 1387 4529 specific
1396 4460 1501 4526 gravitr,

358 4537 407 4590 the
415 4539 517 4604 lighter
524 4541 651 4608 particles
661 4541 745 4609 rising
755 4548 785 4596 to
796 4543 843 4597 the
854 4549 915 4613 top,
923 4545 976 4598 and
987 4545 1034 4598 the
1044 4545 1154 4600 heavier
1164 4544 1256 4615 falling
1265 4553 1295 4599 to
1305 4544 1352 4599 the
1362 4543 1475 4597 bottom.
