3306 5102
653 461 735 518 ara.
758 462 802 517 a.
826 452 878 538 36.
1279 453 1342 534 461

190 623 306 687 eadem
327 633 500 706 tempora;
531 643 596 686 non
620 635 744 702 contra,
764 625 852 706 quod
873 644 949 688 cum
972 623 1084 688 fluxus
1107 623 1145 688 fit
1166 626 1209 688 ad
1233 625 1345 690 littora

190 726 352 807 Floridae,
383 728 441 792 fiat
472 727 619 792 refluxus
648 728 691 792 ad
721 728 835 792 littora
871 729 1057 812 Hispaniae
1079 718 1125 792 ”et
1162 728 1297 792 Africae
1306 729 1343 794 ⁷⁵.

189 829 352 896 Attamen
372 831 480 895 adhuc
504 831 695 913 diligentius
712 833 911 908 attendenti,
928 854 994 896 non
1018 853 1076 916 per
1097 833 1161 897 hoc
1185 834 1344 898 evincitur

191 945 301 999 motus
316 934 481 1013 attollens,
497 944 531 998 et
546 936 732 1018 abnegatur
747 947 857 999 motus
873 937 904 999 in
923 957 1106 1019 progressu.
1152 938 1238 1001 Fieri
1254 939 1342 1001 enim

190 1049 311 1120 potest,
328 1039 417 1120 quod
439 1039 481 1102 sit
504 1048 615 1102 motus
637 1059 796 1121 aquarum
820 1040 853 1102 in
876 1061 1060 1122 progressu,
1077 1050 1111 1104 et
1132 1041 1344 1108 nihilominus

189 1143 328 1206 inundet
344 1144 482 1206 adversa
499 1143 609 1207 littora
625 1143 775 1224 ejusdem
791 1142 875 1206 alvei
894 1143 1011 1221 simul;
1043 1145 1070 1206 si
1090 1165 1197 1226 aquae
1218 1145 1343 1210 scilicet

191 1245 265 1309 illae
296 1248 534 1310 contrudantur
560 1256 593 1310 et
623 1246 865 1329 compellantur
894 1246 1034 1326 aliunde,
1061 1250 1343 1330 quemadmodum

191 1349 229 1412 fit
252 1350 285 1412 in
308 1349 422 1428 fluviis,
446 1352 501 1432 qui
524 1350 630 1414 fluunt
653 1361 686 1414 et
709 1349 851 1414 refluunt
873 1351 915 1413 ad
941 1359 1117 1433 utrumque
1139 1352 1231 1416 littus
1254 1353 1343 1418 horis

190 1454 317 1529 iisdem,
334 1475 409 1518 cum
426 1464 538 1518 tamen
559 1455 620 1518 iste
641 1462 751 1517 motus
771 1454 897 1536 liquido
916 1454 959 1517 sit
979 1463 1088 1518 motus
1106 1457 1139 1517 in
1161 1477 1342 1537 progressu,

191 1577 311 1639 nempe
323 1579 481 1640 aquarum
496 1558 750 1640 ingredientium
761 1559 845 1621 ostia
858 1557 1029 1621 fluminum
1043 1579 1086 1621 ex
1099 1559 1191 1622 mari.
1226 1560 1343 1642 Itaque
1456 1589 1461 1601 ·

190 1660 287 1723 simili
311 1663 412 1724 modo
437 1662 504 1724 fieri
530 1670 648 1743 potest,
667 1671 704 1725 ut
726 1683 832 1743 aquae
853 1661 1023 1724 venientes
1047 1683 1168 1744 magna
1191 1662 1343 1728 moleab

191 1764 326 1828 Oceano
343 1764 504 1828 Orientali
521 1765 637 1829 Indico
653 1765 896 1847 compellantur
910 1774 943 1828 et
964 1766 1138 1828 trudantur
1157 1767 1191 1828 in
1212 1766 1342 1830 alveum

191 1868 294 1930 Maris
309 1869 484 1942 Atlantici,
500 1878 534 1933 et
549 1879 724 1952 propterea
745 1869 905 1933 inundent
928 1878 1105 1951 utrumque
1128 1870 1214 1934 latus
1235 1872 1342 1937 simul.

192 1970 426 2052 Quaerendum
450 1974 562 2056 itaque
585 1983 643 2051 est,
661 1994 704 2036 an
727 1973 769 2036 sit
791 1973 875 2036 alius
897 1973 1010 2035 alveus
1033 1993 1092 2056 per
1114 1995 1212 2056 quem
1235 1996 1342 2058 aquae

192 2077 319 2156 possint
341 2078 457 2140 iisdem
477 2078 680 2160 temporibus
699 2078 801 2140 minui
825 2087 858 2140 et
881 2077 1026 2140 refluere.
1071 2077 1188 2160 Atque
1211 2090 1343 2161 praesto

193 2188 243 2242 est
262 2179 355 2242 Mare
376 2181 580 2260 Australe⁷t
607 2182 693 2245 Mari
721 2180 895 2244 Atlantico
922 2181 1113 2263 neutiquam
1141 2184 1257 2257 minus,
1282 2187 1341 2248 sed

191 2283 301 2364 potius
318 2286 423 2368 magis
440 2285 543 2349 latum
559 2295 593 2350 et
608 2295 794 2364 extensum,
810 2285 899 2366 quod
915 2286 957 2348 ad
974 2285 1036 2348 hoc
1052 2286 1200 2349 sufficere
1216 2290 1331 2368 possit.

236 2387 354 2471 Itaque
366 2390 435 2471 jam
449 2391 584 2454 tandem
600 2400 794 2472 perventum
804 2398 853 2452 est
869 2389 912 2452 ad
930 2391 1122 2452 instantiam
1137 2391 1242 2452 crucis
1257 2393 1342 2456 circa

191 2491 253 2556 hoc
276 2494 472 2575 subjectum.
519 2495 570 2558 Ea
593 2494 668 2558 talis
692 2503 761 2557 est:
789 2494 816 2556 si
838 2514 899 2575 pro
922 2502 1012 2556 certo
1035 2494 1228 2571 inveniatur,
1251 2497 1340 2577 quod

192 2616 266 2659 cum
280 2597 316 2660 fit
329 2597 440 2661 fluxus
455 2599 496 2662 ad
509 2599 620 2662 littora
636 2600 855 2662 adversatam
872 2596 1026 2660 Floridae
1039 2616 1139 2678 quam
1158 2596 1342 2679 Hispaniae

192 2701 224 2763 in
252 2700 337 2764 Mari
363 2701 546 2779 Atlantico,
574 2702 632 2766 fiat
658 2701 756 2765 simul
783 2700 893 2764 fluxus
917 2701 959 2763 ad
984 2700 1095 2764 littora
1122 2699 1279 2764 Peruviae
1308 2712 1342 2766 et

187 2805 287 2886 juxta
307 2807 442 2869 dorsum
468 2805 595 2870 Chinae
618 2807 651 2868 in
674 2805 759 2869 Mari
778 2804 947 2881 Australi3
971 2813 1042 2867 tum
1066 2813 1154 2867 certe
1176 2825 1234 2886 per
1256 2805 1342 2870 hanc

193 2910 386 2972 instantiam
409 2909 600 2972 decisoriam
625 2907 848 2990 abjudicanda
874 2915 924 2970 est
950 2906 1088 2969 assertio
1115 2908 1203 2987 quod
1231 2907 1342 2972 fluxus

192 3021 226 3076 et
242 3013 386 3076 refluxus
402 3007 508 3092 maris,
525 3015 567 3077 de
588 3035 654 3096 quo
680 3011 859 3094 inquiritur,
879 3011 936 3073 fiat
960 3030 1018 3092 per
1041 3018 1169 3072 motum
1192 3031 1341 3093 progres-

192 3116 297 3179 sivum
308 3116 353 3180 ⁷⁷:
388 3137 495 3200 neque
522 3119 610 3181 enim
638 3117 829 3198 relinquitur
855 3115 943 3178 aliud
967 3133 1058 3177 mare
1080 3123 1137 3177 aut
1161 3113 1259 3188 locus,
1284 3116 1340 3178 ubi

192 3221 296 3303 possit
312 3220 353 3284 ad
375 3223 492 3284 eadem
510 3232 663 3304 tempora
685 3221 753 3284 fieri
776 3239 941 3300 regressus
958 3224 1017 3280 aut
1040 3216 1194 3282 refluxus.
1240 3217 1341 3282 Com-

193 3324 383 3388 modissime
408 3334 520 3388 autem
546 3327 609 3389 hoc
639 3325 712 3388 sciri
742 3323 856 3406 possit,
887 3320 914 3382 si
945 3320 1127 3401 inquiratur
1152 3321 1196 3384 ab
1226 3323 1341 3388 incolis

192 3427 358 3491 Panamae
389 3438 421 3491 et
455 3429 571 3492 Limae
601 3423 671 3514 (ubi
709 3436 847 3508 uterque
885 3424 1047 3501 Oceanus,
1077 3424 1269 3489 Atlanticus
1307 3437 1340 3492 et

191 3531 368 3608 Australis,
393 3555 452 3616 per
473 3555 610 3616 parvum
636 3531 800 3596 Isthmum
823 3526 1039 3616 separantur),
1062 3540 1171 3593 utrum
1194 3534 1236 3594 ad
1264 3553 1341 3595 con·

191 3638 307 3701 trarias
332 3636 451 3701 Isthmi
474 3646 586 3719 partes
609 3635 668 3698 fiat
689 3635 787 3698 simul
807 3633 917 3697 fluxus
940 3642 973 3697 et
996 3631 1142 3696 refluxus
1166 3635 1274 3709 maris
1296 3655 1339 3698 an

225 3891 247 3924 η
266 3894 322 3949 Mr.
334 3894 399 3946 Ellis
410 3910 486 3963 says:
507 3895 514 3922 ‘
526 3893 537 3945 l
552 3893 620 3946 have
633 3899 683 3944 not
694 3891 765 3944 been
778 3890 839 3942 able
851 3894 882 3941 to
895 3888 950 3942 lind
962 3888 1016 3940 this
1028 3893 1177 3941 statement
1190 3890 1216 3942 in
1228 3891 1340 3954 Acosta,

190 3978 253 4031 who
265 3977 361 4046 speaks
373 3977 406 4031 of
418 3979 464 4030 the
477 3976 666 4045 synchronism
679 3974 712 4027 of
726 3974 773 4028 the
785 3974 856 4026 tides
869 3989 904 4026 on
917 3971 966 4024 the
979 3973 1104 4039 opposite
1116 3971 1188 4024 sides
1205 3971 1237 4025 of
1254 3975 1340 4028 South

191 4063 327 4128 America,
343 4078 371 4114 as
392 4062 484 4115 shewn
506 4062 542 4130 by
562 4061 609 4114 the
629 4060 751 4126 meeting
771 4057 803 4112 os
817 4058 866 4111 the
885 4057 952 4110 tidal
973 4073 1059 4111 waves
1078 4057 1106 4110 in
1127 4058 1174 4110 the
1196 4061 1292 4113 Straits
1311 4060 1343 4114 os

191 4145 328 4212 Magellan
352 4143 481 4215 (iil.14).'
532 4145 588 4197 For
606 4142 714 4196 further
738 4141 915 4196 information
939 4158 976 4194 on
1001 4141 1048 4193 the
1073 4140 1261 4212 obserqations
1285 4144 1340 4198 aud

189 4228 311 4282 theories
332 4227 365 4281 of
380 4231 490 4294 Acosta,
508 4243 555 4282 see
575 4227 631 4281 Mr.
651 4225 725 4280 Ellis’
744 4224 859 4281 Preface
881 4231 912 4279 to
933 4224 981 4278 the
1001 4224 1046 4278 De
1066 4224 1087 4275 F
1090 4224 1155 4277 luxu
1173 4231 1202 4280 et
1223 4225 1340 4280 Refluxu

191 4312 287 4378 Maris,
300 4312 353 4365 vol.
367 4311 402 4366 lii.
416 4329 460 4382 pp.
475 4315 552 4378 ⁴5·⁶·

225 4392 247 4425 ⁷⁸
267 4395 412 4464 including
425 4396 497 4450 what
509 4411 550 4449 we
564 4411 626 4448 now
638 4395 689 4449 call
702 4394 749 4448 the
763 4393 899 4447 Southern
912 4392 966 4446 and
978 4389 1079 4444 Pacific
1092 4391 1208 4446 Oceans.

226 4475 248 4509 π
266 4479 361 4533 These
379 4479 456 4548 laets,
470 4479 493 4533 il
508 4479 680 4547 established,
694 4477 783 4534 world
796 4477 927 4547 certainly
939 4476 1006 4529 have
1020 4474 1163 4545 disproved
1178 4473 1228 4529 the
1240 4473 1340 4548 theory

192 4563 218 4616 in
232 4564 369 4632 question.
