3346 5104
515 509 1022 605 PRAEFATIO.

237 788 310 871 QUI
333 791 376 853 de
399 799 524 869 natura,
540 801 697 874 tanquam
721 793 764 856 de
788 813 821 855 re
845 791 1027 874 explorata,
1043 795 1253 875 pronuntiare
1276 793 1346 857 ausi

192 902 278 970 sunt,
308 894 375 956 sive
402 892 465 957 hoc
495 915 538 956 ex
567 894 667 958 animi
698 895 818 958 fiducia
848 895 982 959 iecerint
1012 897 1080 960 sive
1109 899 1283 962 ambitiose
1314 908 1346 961 et

193 1016 285 1059 more
322 994 525 1076 professori0,
565 997 721 1061 maximis
758 997 804 1060 illi
843 997 1086 1080 philosophiam
1124 1010 1157 1063 et
1194 1000 1347 1065 scientias

193 1099 401 1162 detrimentis
427 1099 575 1162 affecere.
622 1099 671 1162 Ut
706 1100 794 1163 enim
829 1101 871 1162 ad
899 1099 999 1164 fidem
1026 1103 1212 1167 faciendam
1238 1104 1348 1180 validi,

194 1205 241 1264 ita
267 1203 433 1266 etiamad
459 1203 706 1285 inquisitionem
735 1206 997 1286 extinguendam
1024 1215 1057 1269 et
1084 1207 1346 1289 abrumpendam

194 1305 343 1369 efficaces
365 1304 508 1369 luerunt.
554 1306 671 1389 Neque
693 1307 814 1370 virtute
836 1307 968 1389 propria
990 1318 1120 1372 tantum
1148 1309 1348 1391 prosuerunt,

194 1419 357 1491 quantum
377 1409 410 1471 in
426 1408 488 1473 hoc
507 1421 696 1488 nocuerunt,
712 1413 801 1493 quod
821 1410 959 1474 aliorum
974 1413 1130 1476 virtutem
1146 1413 1349 1495 corruperint

195 1523 229 1576 et
256 1512 469 1594 perdiderint.
515 1512 581 1594 Qui
614 1523 726 1576 autem
761 1512 957 1576 contrariam
986 1514 1061 1579 huic
1092 1516 1181 1577 viam
1212 1516 1348 1598 ingressi

194 1626 271 1679 sunt
306 1625 407 1697 atque
440 1613 519 1677 nihil
554 1636 685 1696 prorsus
717 1615 805 1679 sciri
824 1636 921 1697 posse
953 1628 1168 1696 asseruerunt,
1201 1619 1269 1682 sive
1303 1639 1347 1681 ex

185 1719 417 1800 sophistarum
450 1727 598 1782 veterum
632 1718 710 1782 odio
743 1720 811 1781 sive
845 1739 888 1782 ex
922 1721 1021 1782 animi
1050 1720 1262 1786 fluctuatione
1292 1729 1350 1784 aut

196 1825 297 1888 etiam
315 1843 359 1887 ex
378 1823 522 1905 quadam
541 1823 711 1887 doctrinae
734 1822 828 1904 copia
851 1823 884 1886 in
906 1821 992 1886 hanc
1015 1825 1201 1905 opinionem
1222 1822 1348 1906 delapsi

197 1929 273 2005 sint,
309 1936 398 1991 certe
436 1947 500 1990 non
537 1928 796 1990 contemnendas
833 1926 902 2007 ejus
941 1928 1083 1992 rationes
1116 1929 1348 2006 adduxerunt3

197 2041 414 2095 veruntamen
443 2051 503 2094 nec
530 2052 549 2094 a
575 2033 661 2094 veris
685 2031 786 2093 initiis
811 2031 1008 2094 sententiam
1036 2053 1129 2096 suam
1154 2035 1350 2109 derivarunt,

197 2145 241 2212 et,
257 2135 367 2198 studio
382 2136 527 2217 quodam
546 2147 647 2216 atque
665 2134 875 2198 affectatione
893 2136 1050 2215 provecti,
1066 2157 1198 2218 prorsus
1214 2137 1350 2199 modum

167 2229 170 2234 ’
199 2247 421 2302 excesserunt.
479 2236 529 2300 At
562 2239 762 2320 antiquiores
795 2258 839 2300 ex
876 2236 1010 2300 Graecis
1044 2242 1196 2320 (quorum
1228 2239 1351 2320 scripta

198 2339 379 2426 perierunt)
403 2343 488 2405 inter
520 2342 754 2424 pronuntiandi
775 2340 971 2422 jactantiam
995 2353 1028 2405 et
1050 2343 1273 2424 Acatalepsiae
1294 2342 1351 2404 de·

198 2446 420 2527 sperationem
437 2446 631 2527 prudentius
647 2467 684 2508 se
699 2446 937 2508 sustinuerunt:
962 2454 1063 2527 atque
1074 2447 1117 2508 de
1133 2444 1351 2528 inquisitionis

199 2546 394 2613 difficultate
423 2558 455 2612 et
481 2569 588 2611 rerum
614 2548 814 2612 obscuritate
840 2546 971 2628 saepius
997 2549 1218 2628 querimonias
1244 2557 1277 2611 et
1304 2547 1352 2608 in·

198 2652 407 2734 dignationes
435 2652 619 2728 miscentes,
646 2662 679 2715 et
705 2651 806 2713 veluti
834 2648 982 2712 sraenum
1013 2651 1209 2730 mordentes
1239 2659 1351 2713 tamen

199 2757 406 2840 propositum
434 2775 549 2836 urgere
578 2765 679 2836 atque
709 2764 846 2817 naturae
873 2774 909 2816 se
934 2753 1119 2818 immiscere
1145 2775 1211 2817 non
1236 2753 1353 2816 destit-

199 2869 317 2937 erunt;
348 2867 605 2922 consentaneum
633 2853 684 2942 (ut
713 2853 856 2940 videtur)
884 2856 1121 2934 existimantes
1149 2855 1212 2921 hoc
1242 2857 1350 2938 ipsum

199 2961 366 3046 (videlicet
402 2972 512 3025 utrum
549 2961 672 3044 aliquid
711 2961 783 3025 sciri
821 2955 939 3045 possit)
975 2979 1041 3023 non
1078 2961 1255 3042 disputare,
1293 2959 1351 3022 sed

201 3067 353 3148 experiri.
398 3064 444 3129 Et
470 3074 584 3129 tamen
607 3065 654 3128 illi
679 3067 750 3147 ipsi,
775 3066 901 3146 impetu
928 3073 1058 3126 tantum
1087 3063 1272 3129 intellectus
1295 3063 1353 3140 usi,

200 3169 348 3252 regulam
371 3188 437 3231 non
459 3168 689 3246 adhibuerunt,
712 3169 770 3232 sed
794 3167 905 3230 omnia
932 3167 965 3229 in
990 3167 1056 3230 acri
1081 3168 1295 3232 meditatione
1320 3177 1354 3230 et

201 3275 322 3337 mentis
340 3273 544 3338 volutatione
562 3284 595 3337 et
614 3273 795 3355 agitatione
813 3281 973 3354 perpetua
990 3283 1180 3353 posuerunt.

247 3378 370 3441 Nostra
393 3387 506 3440 autem
531 3378 624 3454 ratio,
650 3386 686 3441 ut
711 3395 810 3458 opere
836 3377 947 3452 ardua,
975 3375 1021 3438 ita
1048 3377 1138 3440 dictu
1165 3375 1269 3439 sacilis
1296 3384 1354 3438 est.

203 3480 254 3544 Ea
285 3482 373 3545 enim
407 3489 466 3558 est,
493 3490 529 3545 ut
564 3481 769 3545 certitudinis
795 3480 917 3561 gradus
948 3481 1195 3558 constituamus,
1222 3498 1354 3542 sensum

201 3606 262 3668 per
287 3585 513 3649 reductionem
542 3586 710 3667 quandam
738 3592 899 3660 tueamur,
925 3585 983 3646 sed
1012 3585 1131 3648 mentis
1158 3604 1241 3666 opus
1265 3584 1354 3665 quod

202 3709 334 3752 sensum
359 3687 570 3770 subsequitur
591 3687 775 3770 plerunque
804 3687 1008 3769 rejiciamus;
1041 3708 1160 3751 novam
1187 3696 1298 3749 autem
1323 3695 1356 3746 et

202 3802 324 3857 certam
348 3791 445 3870 viam,
469 3792 511 3855 ab
534 3792 613 3873 ipsis
637 3811 793 3854 sensuum
820 3789 1094 3872 perceptionibus,
1122 3789 1224 3852 menti
1249 3787 1356 3868 aperi-

201 3916 297 3959 amus
320 3904 353 3958 et
377 3895 572 3959 muniamus.
616 3893 733 3976 Atque
756 3892 818 3957 hoc
842 3893 1060 3975 proculdubio
1081 3893 1234 3956 viderunt
1255 3900 1288 3953 et
1309 3889 1356 3951 illi

200 3999 257 4081 qui
276 4007 386 4062 tantas
404 3999 597 4063 dialecticae
619 4009 730 4080 partes
748 3997 941 4060 tribuerunt.
987 3994 1043 4057 Ex
1061 4016 1128 4077 quo
1152 3995 1263 4077 liquet,
1283 3992 1357 4054 illos

201 4102 383 4166 intellectui
409 4102 609 4166 adminicula
634 4101 845 4184 quaesivisse,
876 4098 996 4162 mentis
1026 4109 1136 4162 autem
1167 4115 1355 4180 processum

202 4207 351 4270 nativum
382 4215 416 4270 et
453 4216 572 4288 sponte
611 4214 808 4282 moventem,
842 4212 1032 4285 suspectum
1069 4202 1230 4265 habuisse.
1288 4197 1356 4264 Sed

203 4330 311 4374 serum
335 4308 434 4392 plane
456 4311 553 4374 rebus
576 4310 713 4392 perditis
736 4307 798 4372 hoc
822 4307 999 4372 adhibetur
1025 4307 1229 4384 remedium;
1266 4311 1358 4386 post·

203 4433 305 4496 quam
324 4433 416 4476 mens
435 4435 479 4476 ex
498 4414 691 4497 quotidiana
708 4413 796 4476 vitae
817 4413 1062 4489 consuetudine,
1081 4421 1115 4474 et
1135 4406 1358 4473 auditionibus
1428 4417 1430 4422 '

204 4526 238 4583 et
263 4517 420 4583 doctrinis
447 4517 625 4601 inquinatis
651 4527 821 4599 occupata,
843 4526 876 4579 et
898 4515 1083 4579 vanissimis
1106 4513 1203 4578 idolis
1224 4511 1358 4576 obsessa
