3346 5104
322 422 384 490 228
698 431 854 488 NOVUM
875 431 1093 488 ORGANUM.

851 597 942 663 LVI.

365 709 586 792 Reperiuntur
601 707 733 791 ingenia
748 709 813 774 alia
828 709 861 773 in
877 709 1131 774 admirationem
1147 708 1355 792 antiquitatis
1363 707 1399 787 ⁹⁴,
1407 707 1472 772 alia

319 815 352 876 in
379 835 526 877 amorem
549 821 584 876 et
610 812 805 895 amplexum
833 815 989 878 novitatis
1016 813 1140 893 effusa;
1169 834 1275 897 pauca
1299 833 1378 876 vero
1401 812 1472 894 ejus

318 917 572 998 temperamenti
594 925 680 990 sunt,
697 924 734 979 ut
758 918 893 980 modum
917 925 1029 980 tenere
1051 917 1187 998 possint,
1204 917 1283 999 quin
1307 924 1364 980 aut
1387 937 1472 998 quae

318 1030 408 1084 recte
430 1019 540 1102 posita
566 1028 643 1082 sunt
658 1018 700 1083 ab
723 1020 867 1101 antiquis
890 1019 1087 1094 convellant,
1111 1028 1169 1083 aut
1193 1041 1232 1084 ea
1257 1027 1472 1084 contemnant

318 1144 404 1206 quae
419 1133 507 1186 recte
522 1121 704 1185 afferuntur
719 1124 851 1188 anovis.
897 1122 973 1187 Hoc
983 1143 1062 1186 vero
1073 1143 1194 1205 magno
1210 1123 1420 1187 scientiarum
1437 1131 1471 1185 et

317 1227 547 1310 philosophiae
570 1227 770 1290 detrimento
793 1227 842 1303 fit,
861 1247 965 1309 quum
981 1228 1094 1290 studia
1107 1228 1217 1310 potius
1238 1229 1304 1292 smt
1327 1226 1470 1308 antiqui-

316 1331 396 1394 tatis
410 1338 444 1393 et
460 1329 624 1406 novitatis,
642 1350 742 1412 quam
755 1329 901 1411 judicIa:
924 1330 1046 1393 veritas
1062 1339 1175 1393 autem
1197 1351 1262 1393 non
1279 1351 1299 1394 a
1313 1330 1470 1393 felicitate

315 1433 475 1516 temporis
490 1431 638 1514 alicujus,
655 1452 740 1514 quae
755 1453 806 1495 res
820 1433 911 1496 varia
926 1441 976 1495 est
993 1453 1000 1510 ;
1023 1434 1081 1496 sed
1098 1454 1117 1496 a
1133 1434 1257 1497 lumine
1279 1442 1416 1496 naturae
1435 1442 1469 1496 et

317 1536 550 1619 experientiae,
569 1536 659 1618 quod
679 1545 851 1599 aeternum
873 1544 931 1614 est,
946 1537 1097 1617 petenda
1120 1546 1181 1600 est.
1228 1537 1345 1620 Itaque
1367 1537 1468 1599 abne·

314 1641 425 1722 ganda
447 1647 525 1702 sunt
548 1638 611 1702 ista
635 1639 768 1718 studia;
793 1648 827 1702 et
850 1639 1040 1716 videndum,
1064 1660 1105 1704 ne
1129 1639 1316 1704 intellectus
1339 1641 1383 1703 ab
1406 1638 1468 1702 illis

315 1745 357 1807 ad
374 1764 572 1809 consensum
587 1742 779 1824 abripiatur.

832 1845 945 1911 LVII.

358 1957 664 2041 Contemplationes
689 1968 826 2022 naturae
850 1967 884 2020 et
911 1979 1086 2040 corporum
1113 1957 1146 2021 in
1173 1958 1385 2041 simplicitate
1409 1979 1467 2022 sua

314 2063 518 2127 intellectum
541 2062 698 2143 frangunt
725 2070 758 2124 et
785 2063 1036 2140 comminuunt;
1070 2063 1366 2144 contemplationes
1388 2083 1467 2125 vero

313 2177 450 2231 naturae
477 2178 510 2231 et
541 2187 714 2248 corporum
741 2167 773 2228 in
798 2166 1040 2247 compositione
1065 2175 1099 2229 et
1124 2167 1384 2249 configuratione
1407 2188 1468 2230 sua

312 2271 516 2335 intellectum
539 2269 761 2352 stupefaciunt
785 2279 818 2333 et
841 2269 974 2333 solvunt
983 2270 1019 2332 ⁹⁵.
1066 2270 1106 2333 Id
1125 2272 1252 2353 optime
1271 2272 1414 2334 cernitur
1433 2270 1467 2333 fn

311 2375 424 2438 schola
441 2374 601 2457 Leucippi
618 2383 651 2437 et
662 2374 854 2451 Democriti,
867 2373 987 2438 collata
1003 2394 1079 2437 cum
1090 2374 1224 2456 reliquis
1242 2374 1466 2458 philosophiis.

312 2478 375 2542 Illa
403 2481 490 2543 enim
517 2479 564 2542 ita
591 2488 740 2541 versatur
767 2479 800 2540 in
828 2477 996 2560 particulis
1027 2498 1143 2556 rerum,
1170 2489 1206 2542 ut
1231 2478 1370 2543 fabricas
1400 2479 1467 2542 fere

312 2583 478 2666 negligat3
502 2582 645 2663 reliquae
660 2591 773 2644 autem
790 2583 835 2644 ita
850 2581 991 2644 fabricas
1007 2581 1176 2646 intuentur
1190 2583 1360 2659 attonitae,
1370 2591 1406 2644 ut
1422 2583 1465 2645 ad

311 2686 556 2768 simplicitatem
574 2694 710 2747 naturae
726 2704 792 2747 non
811 2693 1004 2767 penetrent:
1029 2685 1142 2766 itaque
1157 2684 1371 2749 altemandae
1389 2694 1466 2748 sunt
1507 2734 1518 2759 ,

311 2790 609 2872 contemplationes
634 2789 726 2863 istae,
753 2797 786 2850 et
811 2789 955 2851 vicissim
980 2791 1182 2865 sumendae,·
1216 2798 1252 2852 ut
1280 2788 1466 2852 intellectus

311 2895 468 2956 reddatur
498 2890 595 2955 simul
626 2900 802 2973 penetrans
827 2899 861 2954 et
892 2911 1021 2973 capax;
1052 2903 1085 2956 et
1117 2894 1281 2955 evitentur
1306 2913 1353 2971 ea,
1381 2912 1466 2974 quae

311 2997 467 3076 diximus,
483 2995 701 3071 incommoda,
720 3004 822 3076 atque
837 2993 924 3057 idola
941 3017 985 3058 ex
1001 2997 1040 3059 iis
1056 2997 1292 3080 provenientia.

826 3106 955 3171 LVIII.

354 3220 445 3283 Talis
469 3219 581 3301 itaque
606 3227 677 3282 esto
704 3219 879 3300 prudentia
906 3218 1166 3300 contemplativa
1195 3220 1228 3283 in
1255 3220 1404 3284 arcendis
1430 3228 1465 3283 et

310 3324 556 3386 summovendis
576 3321 672 3384 idolis
691 3333 822 3404 specus,·
845 3343 931 3404 quae
949 3333 1007 3387 aut
1029 3345 1073 3386 ex
1094 3325 1389 3405 praedominantia,
1407 3333 1465 3386 aut

310 3449 353 3491 ex
382 3448 520 3491 excessu
544 3426 793 3509 compositionis
820 3437 853 3490 et
880 3427 1058 3506 divisionis,
1088 3437 1147 3491 aut
1174 3449 1217 3491 ex
1242 3429 1359 3491 studiis
1387 3448 1464 3510 erga

308 3542 468 3614 tempora,
493 3541 551 3595 aut
577 3553 620 3594 ex
647 3530 786 3612 objectis
813 3530 913 3612 largis
946 3541 979 3594 et
1010 3532 1153 3606 minutis,
1180 3533 1328 3595 maxime
1354 3540 1463 3594 ortum

309 3636 444 3700 habent.
490 3635 694 3698 Generaliter
710 3643 821 3696 autem
838 3654 897 3715 pro
913 3642 1069 3716 suspecto
1081 3633 1272 3700 habendum
1288 3635 1464 3717 unicuique

310 3760 417 3804 rerum
435 3750 586 3803 naturam
603 3738 841 3820 contemplanti
855 3739 1010 3820 quicquid
1028 3739 1231 3803 intellectum
1248 3759 1344 3802 suum
1361 3740 1463 3820 potis-

345 3891 368 3922 θ’
386 3896 437 3946 See
450 3893 520 3961 Aph.
536 3899 568 3958 84
583 3893 637 3945 and
649 3893 696 3946 the
710 3896 790 3945 notes
802 3909 839 3944 on
852 3893 913 3945 that
925 3892 1082 3960 Aphorism.

342 3975 364 4006 ⁹³
383 3977 477 4030 These
489 3993 535 4030 are
547 3976 620 4042 bold,
634 3975 687 4030 and
700 3976 851 4028 somewhat
863 3976 952 4042 harsh,
966 3977 1132 4044 metaphors.
1170 3977 1211 4046 By
1224 3977 1359 4030 exclusive
1371 3981 1462 4029 atten-

307 4063 365 4114 tion
384 4067 414 4113 to
434 4061 482 4112 the
505 4060 630 4113 ultimate
651 4059 831 4112 constitution
855 4057 887 4112 of
905 4066 1010 4126 nature,
1030 4061 1056 4111 in
1080 4061 1114 4112 its
1135 4062 1239 4113 minute
1261 4059 1395 4129 particles,
1414 4059 1462 4112 the

307 4144 408 4196 human
429 4144 551 4196 intellect
570 4143 600 4210 is,
616 4159 644 4195 as
663 4143 685 4195 it
704 4159 786 4208 were,
807 4142 912 4195 broken
934 4143 987 4195 and
1010 4141 1136 4196 frittered
1154 4160 1241 4211 away:
1261 4159 1297 4195 on
1317 4142 1364 4195 the
1380 4142 1463 4196 other

306 4226 388 4292 hand,
398 4226 434 4295 by
448 4227 494 4280 the
507 4233 625 4294 attempt
637 4233 667 4278 to
680 4242 759 4293 grasp
773 4232 869 4278 nature
882 4241 910 4277 as
923 4240 938 4276 a
950 4225 1047 4290 whole,
1058 4227 1080 4278 it
1092 4233 1254 4294 evaporates
1266 4225 1320 4278 and
1333 4226 1355 4277 is
1367 4225 1420 4278 lost
1434 4226 1461 4278 in

307 4316 488 4362 amazement.
524 4308 588 4362 The
601 4315 716 4376 precept
729 4308 794 4360 with
808 4307 895 4360 which
909 4307 957 4360 the
969 4308 1116 4375 Aphorism
1130 4309 1286 4374 concludes,
1299 4307 1461 4361 commend·

307 4393 352 4459 ing
364 4392 412 4445 the
426 4391 612 4445 combinatIon
631 4390 664 4444 of
677 4393 782 4444 minute
795 4390 921 4444 research
934 4390 999 4443 with
1013 4391 1123 4457 general
1135 4393 1325 4460 speculations‚
1338 4391 1360 4444 is
1372 4391 1404 4444 of
1413 4391 1461 4445 the

306 4481 411 4527 utmost
424 4475 551 4543 practical
566 4473 811 4542 importance,'and
828 4474 909 4527 could
928 4474 1022 4543 hardly
1036 4474 1070 4528 be
1082 4476 1173 4529 stated
1189 4477 1216 4528 in
1236 4491 1313 4528 more
1326 4474 1461 4529 felicitous

305 4560 436 4624 language
450 4559 514 4612 than
528 4558 589 4611 that
602 4559 630 4611 in
644 4559 730 4612 which
744 4559 838 4611 Bacon
851 4557 898 4611 has
910 4559 1057 4627 presented
1070 4558 1100 4613 it.
