3324 5110
311 423 375 490 280
688 436 844 493 NOVUM
865 437 1085 494 ORGANUM.

355 599 454 683 Quod
470 597 497 663 si
514 599 586 682 quis
604 601 647 665 ad
667 601 861 668 intuendum
877 625 923 680 ea,
940 624 1025 687 quae
1041 601 1146 686 magis
1161 599 1288 667 curiosa
1302 599 1467 665 habentur

312 724 412 786 quam
423 724 512 782 sana,
524 705 670 767 animum
683 707 877 782 submiserit,
889 719 921 772 et
933 709 1203 790 alchymistarum
1220 715 1276 769 aut
1292 725 1466 787 magorum

312 827 413 889 opera
435 807 578 888 penitius
600 808 843 890 introspexerit,
868 811 894 874 is
917 810 1082 875 dubitabit
1105 808 1241 872 forsitan
1264 817 1373 873 utrum
1400 810 1466 870 risu

311 931 355 973 an
369 910 548 992 lachrymis
563 911 673 993 potius
692 911 747 974 illa
762 912 863 994 digna
878 915 953 978 sint.
998 913 1213 995 Alchymista
1231 911 1354 975 enim⁴⁰
1371 929 1467 993 spem

313 1013 371 1078 alit
387 1023 567 1092 aeternam,
582 1023 683 1094 atque
698 1015 753 1077 ubi
770 1035 820 1078 res
836 1036 902 1080 non
918 1017 1063 1082 succedit
1082 1035 1205 1079 errores
1225 1016 1375 1097 proprios
1395 1033 1468 1077 reos

314 1121 503 1198 substituit;
540 1140 653 1183 secum
682 1122 884 1185 accusatorie
918 1121 1113 1204 reputando,
1142 1141 1178 1183 se
1210 1128 1268 1183 aut
1297 1120 1376 1183 artis
1410 1126 1468 1181 aut

314 1225 491 1288 authorum
506 1222 666 1287 vocabula
685 1244 750 1287 non
773 1226 853 1288 satis
876 1224 1088 1300 intellexisse,
1105 1224 1194 1286 unde
1212 1222 1255 1285 ad
1274 1224 1468 1286 traditiones
1513 1248 1519 1258 ·

315 1337 349 1391 et
375 1325 571 1391 auriculares
598 1346 746 1390 susurros
775 1328 924 1390 animum
954 1329 1120 1410 applicat3
1153 1316 1211 1389 aut
1242 1327 1275 1388 in
1305 1325 1470 1407 practicae

314 1452 393 1494 suae
419 1429 577 1512 scrupulis
604 1439 637 1493 et
668 1430 878 1494 momentis⁴¹
907 1431 1031 1513 aliquid
1063 1430 1241 1494 titubatum
1271 1449 1350 1507 esse,
1381 1431 1469 1493 unde

316 1535 545 1616 experimenta
578 1534 611 1596 in
644 1533 807 1597 inlinitum
838 1535 977 1617 repetit:
1015 1555 1054 1599 ac
1084 1534 1214 1597 interim
1245 1553 1347 1616 quum
1385 1533 1470 1595 inter

315 1638 619 1720 experimentorum
634 1646 738 1699 sortes
755 1637 786 1699 in
805 1639 970 1719 quaedam
986 1637 1100 1702 incidit
1115 1647 1172 1700 aut
1190 1637 1262 1718 ipsa
1280 1636 1363 1699 facie
1384 1655 1469 1699 nova

315 1753 372 1805 aut
388 1742 532 1805 utilitate
547 1759 612 1802 non
628 1742 890 1820 contemnenda;
914 1741 1102 1823 hujusmodi
1118 1741 1307 1824 pignoribus
1321 1741 1469 1803 animum

316 1847 433 1928 pascit,
464 1864 569 1927 eaque
599 1844 631 1905 in
662 1843 768 1926 majus
798 1854 945 1908 ostentat
975 1855 1008 1910 et
1046 1844 1210 1908 celebrat:
1249 1842 1374 1926 reliqua
1411 1864 1470 1926 spe

316 1955 490 2012 sustentat.
546 1946 666 2028 Neque
697 1954 809 2009 tamen
841 1949 1030 2030 negandum
1063 1957 1122 2026 est,
1152 1946 1368 2030 alchymistas
1403 1967 1469 2010 non

316 2071 423 2134 pauca
439 2049 609 2127 invenisse,
624 2058 657 2112 et
673 2049 814 2112 inventis
830 2051 964 2114 utilibus
978 2050 1129 2114 homines
1150 2052 1302 2115 donasse.
1345 2051 1470 2114 Verum

317 2153 428 2218 sabula
444 2151 530 2217 illa42
545 2173 612 2215 non
628 2152 714 2215 male
730 2153 762 2215 in
779 2151 852 2215 illos
868 2154 1009 2236 quadrat
1024 2154 1066 2217 de
1081 2175 1170 2230 sene,
1189 2155 1245 2238 qui
1261 2154 1336 2217 filiis
1355 2175 1470 2217 aurum

318 2259 351 2320 in
367 2259 463 2321 vinea
479 2255 645 2319 delossum
669 2253 742 2340 (sed
765 2255 874 2320 locum
897 2277 933 2319 se
952 2257 1076 2321 nescire
1096 2256 1270 2343 simulans)
1293 2259 1469 2341 legaverit3

319 2362 407 2426 unde
431 2359 476 2423 illi
500 2359 616 2423 vineae
640 2359 816 2422 fodiendae
843 2359 1019 2442 diligenter
1044 2361 1270 2440 incubuerunt,
1296 2370 1329 2424 et
1355 2381 1470 2424 aurum

221 2525 222 2530 ,
319 2464 453 2547 quidem
480 2462 607 2526 nullum
634 2470 808 2544 repertum,
835 2463 893 2526 sed
920 2462 1085 2527 vindemia
1108 2484 1213 2528 exea
1235 2465 1362 2529 cultura
1384 2465 1471 2528 sacta

318 2580 368 2633 est
384 2568 521 2632 uberior.

362 2671 412 2734 At
435 2669 593 2734 naturalis
616 2670 778 2753 magiae⁴³
801 2671 951 2750 cultores,
974 2672 1029 2756 qui
1051 2692 1111 2755 per
1133 2693 1239 2735 rerum
1265 2673 1472 2756 sympathias

319 2785 353 2839 et
381 2774 581 2857 antipathias
610 2776 722 2838 omnia
753 2775 944 2856 expediunt,
975 2797 1019 2838 ex
1056 2775 1252 2857 conjecturis
1288 2777 1402 2840 otiosis
1438 2789 1472 2842 et

319 2877 545 2961 supinissimis‚
561 2878 657 2942 rebus
677 2879 815 2942 virtutes
835 2888 869 2942 et
891 2880 1098 2960 operationes
1120 2880 1331 2944 admirabiles
1353 2881 1472 2944 affinx-

320 2993 435 3061 erunt3
472 2993 573 3065 atque
602 2983 629 3046 si
659 2982 793 3064 quando
824 3003 925 3064 opera
954 2983 1173 3064 exhibuerint,
1203 3005 1243 3049 ea
1277 2985 1363 3049 illius
1396 2995 1472 3048 sunt

320 3087 458 3167 generis,
484 3095 520 3149 ut
547 3087 589 3149 ad
617 3086 870 3149 admirationem
896 3096 928 3150 et
953 3087 1145 3166 novitatem,
1168 3109 1233 3151 non
1258 3089 1302 3151 ad
1328 3088 1472 3152 fructum

321 3199 355 3252 et
370 3190 556 3267 utilitatem,
572 3189 823 3253 accommodata
839 3189 913 3253 sint.

367 3293 405 3356 In
424 3293 649 3374 superstitiosa
671 3299 781 3354 autem
802 3291 944 3372 magia⁴⁴
964 3289 1005 3376 (si
1025 3301 1058 3358 et
1079 3292 1121 3356 de
1140 3293 1203 3358 hac
1221 3293 1397 3358 dicendum
1416 3290 1473 3379 sit)

321 3397 402 3462 illud
426 3397 573 3478 inprimis
598 3394 927 3458 animadvertendum
952 3405 1011 3473 est,
1038 3417 1109 3460 esse
1133 3399 1367 3462 tantummodo
1394 3399 1473 3462 certi

322 3501 493 3584 cujusdam
510 3509 542 3564 et
558 3499 685 3564 definiti
707 3499 835 3580 generis
858 3497 1065 3581 subjectam
1086 3502 1205 3584 quibus
1223 3511 1310 3566 artes
1328 3503 1474 3565 curiosae
1532 3541 1537 3548 ·

322 3616 357 3670 et
386 3606 639 3688 superstitiosae,
669 3623 729 3685 per
757 3622 872 3665 omnes
902 3602 1052 3666 nationes
1081 3614 1183 3687 atque
1213 3615 1339 3670 aetates
1373 3617 1474 3688 atque

356 3785 379 3818 ⁴⁰
397 3788 449 3856 Cp.
471 3787 555 3856 Aphs.
578 3803 610 3852 54
628 3784 682 3840 and
701 3801 743 3852 73,
764 3786 818 3838 and
837 3786 882 3838 De
900 3785 1071 3854 Augmentis
1090 3785 1136 3840 lib.
1156 3787 1172 3841 i.
1192 3785 1238 3857 (E.
1257 3787 1311 3840 and
1330 3789 1365 3853 S,
1384 3787 1437 3840 vol.
1457 3788 1474 3842 i.

322 3886 367 3940 pp·
382 3867 493 3940 45⁶-7l·

357 3951 379 3982 ⁴¹
398 3953 445 4008 He
457 3969 587 4022 supposes
598 3952 659 4005 that
670 3949 705 4006 he
718 3951 766 4005 has
778 3951 857 4005 made
870 3967 946 4005 some
962 3951 1078 4004 mistalre
1094 3951 1184 4006 either
1201 3953 1228 4005 ln
1240 3951 1383 4020 weighing,
1397 3969 1430 4008 or
1447 3955 1474 4008 in

321 4036 453 4103 selecting
465 4037 512 4090 the
527 4052 627 4106 proper
639 4042 763 4088 moment
775 4035 819 4087 lor
831 4035 872 4087 his
884 4035 1101 4102 manipulations.

357 4117 380 4149 ⁴²
398 4119 462 4173 The
477 4119 561 4172 Fable
573 4118 605 4171 ol
614 4118 662 4171 the
677 4117 779 4171 Father
793 4118 845 4170 and
859 4117 899 4170 his
912 4119 989 4183 Som,
1003 4119 1048 4170 ‘as
1060 4118 1225 4186 inculcating
1239 4115 1386 4189 lndustry!

358 4201 380 4232 *θ
400 4205 451 4255 See
465 4205 610 4256 note6on
623 4203 693 4270 Aph.
707 4219 732 4268 5,
744 4201 799 4254 and
811 4217 853 4268 cp.
867 4201 918 4253 Bk.
932 4201 958 4254 ii.
973 4201 1042 4269 Aph.
1056 4219 1082 4268 9.

357 4283 380 4315 ⁴⁴
399 4287 609 4352 ‘superstitious
635 4283 741 4352 Magic’
766 4285 858 4337 Bacon
883 4285 982 4351 would,
1008 4283 1040 4337 of
1067 4301 1174 4354 course,
1199 4285 1354 4353 altogether
1377 4285 1476 4353 reject,

322 4367 427 4435 though
446 4367 561 4422 Natural
582 4369 682 4436 Magia,
703 4370 731 4421 in
750 4383 766 4421 a
785 4365 901 4437 purified
919 4367 1000 4434 form,
1019 4369 1054 4422 he
1076 4369 1166 4423 would
1186 4370 1272 4423 admit
1290 4385 1319 4422 as
1337 4384 1353 4422 a
1370 4367 1476 4422 branch

322 4446 355 4501 of
368 4449 416 4502 the
429 4449 581 4504 ‘Doctrina
589 4451 736 4519 Operativa
743 4450 779 4504 de
789 4449 922 4520 Natura3’
938 4450 1099 4506 Mechanies
1110 4451 1192 4521 being
1204 4453 1252 4506 the
1266 4452 1348 4506 other
1359 4451 1476 4506 brauch.

324 4532 375 4585 See
390 4533 434 4586 De
447 4533 616 4604 Augmentis,
629 4533 674 4590 lib.
687 4535 724 4589 iii.
736 4550 795 4604 cap.
810 4549 834 4601 5.
