3338 5100
679 434 761 490 ΜΒ.
784 435 828 490 H.
856 441 905 508 17.
1306 447 1366 514 39¹

211 609 269 664 aut
297 600 330 663 in
357 599 496 664 materia
522 618 589 663 non
618 598 847 664 determinatis
857 597 893 676 ⁸³,
924 607 983 673 aut
1004 598 1101 664 'male
1131 600 1369 668 determinatis.

212 703 284 767 Nos
307 705 405 779 enim,
433 723 537 786 quum
560 703 603 765 de
625 701 739 766 formis
765 703 939 785 loquimur,
967 702 1011 766 nil
1039 703 1129 766 aliud
1158 703 1371 786 intelligimus

211 827 312 889 quam
328 807 420 889 leges
435 807 508 871 illas
532 815 566 870 et
587 806 880 871 determinationes
898 817 991 872 actus
1014 808 1097 890 puri,
1115 828 1200 890 quae
1218 819 1370 872 naturam

210 910 356 993 aliquam
373 909 557 993 simplicem
574 910 729 974 ordinant
744 920 777 974 et
796 911 1009 990 constituunt,
1026 919 1063 974 ut
1080 910 1232 990 calorem,
1248 911 1369 990 lumen,

210 1017 349 1095 pondus,
367 1015 400 1077 in
415 1014 608 1079 omnimoda
624 1015 762 1078 materia
778 1024 812 1078 et
827 1013 977 1095 subjecto
993 1014 1205 1098 susceptibili.
1251 1015 1370 1097 Itaque

129 1136 136 1158 ·
212 1119 330 1182 eadem
357 1139 407 1182 res
430 1129 481 1183 est
506 1118 611 1182 sorma
636 1117 734 1183 calidi
758 1127 817 1182 aut
840 1117 946 1181 forma
970 1119 1111 1198 luminis,
1134 1128 1167 1184 et
1190 1118 1247 1184 lex
1271 1120 1370 1184 calidi

211 1221 281 1286 sive
297 1222 351 1284 lex
368 1221 518 1300 luminis;
541 1243 649 1305 neque
671 1243 750 1286 vero
772 1244 793 1286 a
812 1223 910 1286 rebus
933 1221 1012 1305 ipsis
1031 1231 1065 1287 et
1084 1232 1178 1305 parte
1198 1223 1369 1305 operativa

212 1346 359 1408 unquam
375 1347 435 1390 nos
449 1326 672 1390 abstrahimus
687 1336 746 1391 aut
761 1327 953 1391 recedimus.
1000 1325 1112 1409 Quare
1133 1348 1209 1392 cum
1228 1328 1369 1392 dicimus

212 1425 374 1512 (exempli
396 1427 518 1514 gratia)
545 1429 578 1492 in
597 1428 813 1511 ¹inquisitione
836 1429 963 1492 formae
985 1429 1109 1508 caloris,
1132 1430 1242 1512 Refice
1265 1432 1367 1494 temri-

212 1541 318 1613 mrem,
344 1542 403 1595 aut
431 1532 586 1596 Tanaitas
608 1554 670 1596 nore
697 1543 746 1596 est
768 1553 808 1596 ee
824 1533 942 1614 forma
967 1533 1109 1614 caloris,j
1143 1534 1231 1597 idem
1256 1545 1305 1598 est
1328 1555 1368 1597 ac

210 1637 238 1699 si
268 1637 426 1715 dicamus,
455 1637 569 1700 Potest
602 1636 696 1700 homo
731 1636 975 1719 superinducere
1009 1637 1146 1701 calorem
1185 1638 1218 1700 in
1255 1647 1368 1718 cerpus

210 1738 353 1817 densum,
376 1747 435 1804 aut
457 1751 581 1816 contra,
604 1741 719 1805 Potest
737 1740 830 1804 homo
855 1741 990 1822 auferre
1014 1751 1075 1804 aut
1097 1761 1207 1805 arcere
1230 1741 1369 1805 calorem

211 1865 232 1907 a
250 1853 378 1925 corpore
393 1844 490 1907 tenui.

255 1947 356 2031 Quod
378 1949 405 2012 si
428 1949 582 2031 cuiquam
605 1948 781 2013 videantur
806 1951 909 2013 etiam
934 1948 1061 2013 formae
1086 1957 1218 2014 nostrae
1245 1947 1368 2013 habere

211 2051 358 2115 nonnihil
380 2051 547 2130 abstracti,
569 2052 658 2133 quod
683 2053 844 2117 misceant
866 2061 899 2116 et
923 2052 1124 2136 conjungant
1146 2052 1370 2136 heterogenea

210 2152 377 2240 (videntur
401 2155 488 2218 enim
514 2154 611 2218 valde
639 2175 711 2218 esse
737 2153 959 2236 heterogenea
985 2155 1075 2220 calor
1106 2156 1307 2233 coelestium,
1335 2164 1369 2221 et

211 2259 315 2341 ignis;
340 2259 438 2323 rubor
459 2258 547 2322 fixus
569 2258 603 2321 in
625 2278 699 2321 rosa
718 2267 777 2322 aut
800 2259 968 2336 similibus,
990 2268 1024 2322 et
1046 2280 1208 2343 apparens
1230 2260 1264 2323 in
1287 2260 1368 2323 iride

210 2373 268 2426 aut
295 2363 393 2425 radiis
419 2360 519 2444 opalii
545 2369 604 2424 aut
628 2362 836 2440 adamantis;
869 2381 956 2426 mors
981 2383 1025 2426 ex
1052 2364 1299 2442 summersione,
1322 2383 1367 2426 ex

210 2467 418 2542 crematione,
442 2485 486 2528 ex
515 2472 678 2546 punctura
701 2464 812 2546 gladii,
838 2486 881 2528 ex
904 2465 1094 2547 apoplexia,
1121 2488 1166 2529 ex
1193 2465 1366 2548 atrophia;

210 2579 244 2633 et
270 2578 382 2632 tamen
409 2567 609 2632 conveniunt
634 2567 697 2631 ista
727 2569 760 2630 in
787 2576 905 2631 natura
933 2568 1039 2646 calidi,
1066 2568 1200 2647 ruboris,
1229 2565 1366 2650 mortis),

210 2673 238 2736 is
259 2694 295 2736 se
316 2671 438 2737 habere
461 2670 666 2736 intellectum
690 2672 776 2734 norit
797 2673 1035 2736 consuetudine
1054 2681 1088 2736 et
1106 2669 1367 2753 integralitate⁸⁴

211 2798 318 2840 rerum
335 2786 368 2841 et
383 2776 593 2860 opinionibus
610 2785 745 2857 captum
762 2785 796 2839 et
811 2776 991 2840 detentum.
1032 2774 1261 2840 Certissimum
1277 2774 1366 2837 enim

210 2889 260 2944 est
282 2881 354 2958 ista,
376 2890 543 2962 utcunque
566 2879 786 2962 heterogenea
813 2889 846 2943 et
871 2880 988 2959 aliena,
1015 2880 1102 2943 coire
1128 2880 1160 2942 in
1187 2877 1365 2942 formam⁸⁵

208 3038 358 3108 paragraph
369 3055 458 3092 seems
471 3046 502 3092 to
514 3040 549 3092 be
562 3039 677 3106 nothing
694 3055 772 3092 more
786 3039 852 3093 than
869 3055 905 3092 au
921 3043 1072 3108 expansiou
1089 3039 1121 3093 of
1135 3040 1184 3093 the
1202 3040 1286 3092 latter
1303 3044 1365 3106 part

208 3121 241 3176 of
249 3124 267 3176 i.
281 3141 324 3190 51,
336 3139 373 3176 on
385 3122 474 3176 which
486 3139 532 3176 see
545 3123 593 3176 the
605 3129 695 3176 notes.

243 3207 314 3260 This
326 3207 347 3260 is
360 3223 414 3260 one
426 3205 458 3259 oi
467 3207 515 3260 the
527 3223 651 3275 passages
663 3207 691 3258 in
703 3205 793 3259 which
806 3206 924 3260 ‘Form’
937 3222 1052 3276 appears
1064 3211 1095 3259 to
1111 3206 1147 3260 be
1161 3211 1234 3259 most
1247 3205 1363 3275 unequi-

206 3290 310 3359 voeally
323 3291 388 3344 used
403 3291 429 3344 in
442 3289 490 3344 the
502 3306 581 3344 sense
593 3289 625 3344 of
636 3290 731 3343 ‘Law'
744 3306 778 3343 or
790 3291 913 3344 ‘Causa'

242 3371 263 3404 ‘³
282 3375 333 3442 Cp.
353 3375 398 3427 De
415 3375 514 3441 Augm.
526 3374 563 3428 iii.
577 3394 592 3439 4
607 3372 652 3441 (E.
669 3373 722 3426 and
743 3375 779 3439 8.,
790 3375 844 3426 vol.
861 3374 879 3429 i.
897 3391 923 3442 p.
938 3375 1018 3444 565):
1044 3375 1097 3427 ‘at
1116 3374 1293 3427 manifestum
1312 3379 1363 3440 est,

208 3456 360 3524 Platonem,
381 3458 468 3510 virum
490 3457 613 3510 sublimis
636 3459 735 3524 ingenii
757 3457 870 3526 (quique
892 3457 976 3511 veluti
997 3475 1032 3512 er
1051 3473 1119 3526 rupe
1142 3459 1250 3512 excelsa
1271 3459 1364 3510 omnia

205 3540 465 3610 circumspiciebat),
481 3541 509 3594 in
527 3557 576 3594 sua
595 3541 629 3595 de
646 3541 720 3594 ldeis
739 3541 866 3595 doctrina
879 3543 987 3595 formas
1005 3561 1057 3595 esse
1074 3561 1167 3596 verum
1185 3543 1302 3594 scientiae
1320 3543 1362 3594 oh-

198 3629 297 3694 jectum
318 3626 432 3692 vidisse;
458 3631 599 3694 uteunque
624 3625 778 3678 sententiae
803 3625 884 3694 hujus
905 3625 1061 3678 verissimae
1085 3623 1206 3678 fructum
1232 3623 1363 3689 amiserit,

207 3709 321 3762 Formas
339 3709 447 3778 penitus
466 3725 481 3762 a
502 3708 621 3762 Materia
639 3708 797 3774 abstractas,
813 3725 869 3761 non
888 3709 916 3760 in
936 3707 1055 3762 Materia
1074 3707 1279 3772 determinatas,
1295 3721 1362 3759 cou-

204 3792 365 3860 templando
377 3799 406 3846 et
419 3793 591 3861 prensand03
609 3791 683 3845 unde
696 3791 799 3845 factum
813 3798 863 3856 est,
876 3797 908 3844 ut
925 3791 959 3844 ad
977 3791 1177 3859 speculationes
1194 3789 1362 3854 theologicas

203 3875 362 3942 diverteret,
376 3876 451 3944 quod
463 3891 575 3928 omnem
589 3875 741 3928 naturalem
754 3890 830 3926 suam
843 3873 1038 3942 philosophiam
1053 3871 1150 3926 iniecit
1161 3879 1190 3925 et
1202 3871 1317 3940 polluit!

239 3957 261 3988 ⁸⁴
279 3958 344 4012 The
356 3974 451 4026 vagus,
463 3959 583 4026 general,
596 3975 628 4011 or
640 3956 793 4025 superficial
805 3972 988 4025 appearances
1001 3955 1033 4008 of
1042 3956 1143 4022 things

239 4039 261 4072 ⁸⁵
282 4042 308 4094 lt
326 4043 424 4095 almost
442 4059 531 4096 seems
549 4041 621 4094 from
640 4039 694 4093 this
712 4055 822 4108 passage
841 4056 870 4092 as
892 4038 915 4092 if
934 4037 1027 4092 Bacon
1048 4038 1102 4092 had
1123 4037 1290 4106 anticipated
1312 4039 1360 4092 the

203 4125 359 4194 objections
377 4132 407 4178 to
426 4126 467 4180 his
485 4125 621 4192 methods,
635 4123 719 4178 based
737 4140 773 4177 on
791 4123 839 4176 the
856 4123 1059 4176 consideration
1076 4121 1108 4174 of
1124 4121 1171 4174 the
1184 4121 1317 4190 Pluraiity
1331 4121 1364 4175 ot

202 4209 314 4263 Causes.
351 4209 407 4262 But
420 4209 495 4277 bere,
508 4225 537 4262 as
549 4209 705 4274 elsewhere,
719 4208 760 4260 his
772 4223 858 4274 vague
870 4207 924 4261 and
936 4206 1090 4272 vacillating
1107 4221 1155 4258 use
1173 4203 1205 4257 oi
1219 4206 1267 4258 the
1280 4206 1358 4260 word

202 4293 321 4346 ‘Form’
333 4294 428 4346 makes
445 4293 467 4346 it
486 4292 664 4362 exceedingly
677 4291 791 4344 difficult
808 4297 840 4344 to
858 4289 950 4344 attach
967 4307 984 4343 a
1002 4290 1107 4358 precise
1125 4289 1253 4356 meaning
1271 4294 1302 4341 to
1317 4288 1358 4342 his

200 4375 341 4443 language.
379 4377 405 4429 lt
424 4377 446 4430 is
463 4376 637 4441 undeniable‚
653 4375 698 4429 for
716 4375 847 4442 instance,
868 4373 927 4427 that
945 4374 993 4426 the
1012 4373 1142 4426 ‘nature’
1160 4371 1193 4425 ot
1207 4373 1279 4438 beat,
1297 4372 1357 4426 that

201 4458 290 4512 which
303 4459 468 4512 constitutes
480 4461 510 4526 it,
523 4460 558 4512 its
571 4459 715 4525 ‘essence,'
729 4474 757 4511 as
769 4458 818 4511 the
831 4457 996 4510 Schonmen
1008 4457 1099 4510 would
1115 4457 1182 4510 have
1195 4456 1261 4522 said,
1275 4456 1296 4509 is
1308 4456 1357 4511 the

201 4557 276 4596 same
289 4543 316 4596 in
329 4543 364 4598 all
377 4559 467 4611 cases;
486 4559 519 4596 or
531 4543 586 4598 else
600 4560 641 4599 we
654 4541 751 4596 should
764 4543 874 4613 require
885 4547 942 4596 two
955 4557 988 4596 or
1003 4557 1081 4598 more
1094 4541 1206 4596 distinct
1218 4540 1309 4596 words
1326 4548 1357 4596 to
