3208 5094
363 425 427 507 562
741 429 898 486 norum
917 427 1136 484 ononnwrr.

363 596 480 678 Atque
508 595 693 659 audivimus
725 593 894 657 inventam
931 613 1003 657 esse
1036 591 1106 676 jam
1144 591 1335 656 machinam
1371 591 1490 674 aliquam

364 699 533 763 naviculae
561 708 619 762 aut
650 697 805 780 scaphae,
836 717 921 780 quae
950 696 1102 761 homines
1131 697 1246 761 subter
1272 696 1371 778 aquis
1396 695 1492 760 vehere

364 803 468 884 possit
498 803 540 866 ad
571 803 679 884 spatia
709 799 913 866 nonnulla⁸⁸.
971 801 1097 865 Verum
1127 801 1190 863 sub
1220 799 1278 864 tali
1310 821 1395 876 vase,
1416 801 1494 881 quale

363 907 465 969 modo
480 905 636 984 diximus,
652 924 788 986 corpora
806 904 942 986 quaevis
962 903 1058 968 facile
1076 903 1234 986 suspendi
1254 903 1402 986 possint3
1422 904 1494 984 cujus

365 1027 464 1072 causa
479 1008 542 1071 hoc
557 1006 826 1089 experimentum
840 1006 1054 1071 adduximus.

408 1110 471 1174 Est
487 1119 520 1175 et
534 1110 620 1176 alius
635 1130 712 1173 usus
728 1110 899 1192 diligentis
913 1119 948 1174 et
963 1111 1127 1193 perfectae
1142 1109 1314 1174 clausurae
1330 1129 1494 1191 corporum:

365 1233 493 1296 nempe,
509 1233 576 1276 non
592 1212 699 1276 solum
715 1221 753 1275 ut
769 1212 983 1295 prohibeatur
997 1213 1108 1277 aditus
1120 1213 1205 1276 aeris
1220 1233 1280 1295 per
1296 1212 1440 1276 exterius
1454 1209 1496 1294 (de

364 1336 430 1398 quo
442 1316 512 1398 jam
528 1315 655 1380 dietum
672 1311 746 1400 est),
762 1335 877 1378 verum
901 1316 1001 1380 etiam
1024 1325 1062 1380 ut
1080 1315 1272 1380 cohibeatur
1294 1316 1405 1379 exitus
1423 1315 1496 1396 spin'·

363 1428 418 1482 tus
434 1418 589 1501 corporis,
605 1438 705 1500 super
718 1421 807 1500 quod
823 1419 861 1482 fit
877 1420 1026 1502 operatio
1041 1440 1100 1502 per
1114 1419 1260 1483 interius.
1307 1419 1447 1482 Necesse
1459 1427 1497 1480 est

365 1523 453 1586 enim
476 1530 513 1586 ut
535 1521 685 1603 operanti
709 1522 793 1586 circa
816 1542 955 1604 corpora
977 1521 1140 1586 naturalia
1162 1530 1294 1586 constet
1316 1522 1362 1586 de
1384 1521 1497 1584 summis

364 1625 450 1690 suis:
479 1625 540 1688 viz.
557 1624 647 1706 quod
664 1623 743 1688 nihil
759 1625 918 1707 expirarit
932 1633 991 1687 aut
1005 1622 1178 1690 effluxerit
1223 1623 1326 1688 Fiunt
1342 1623 1427 1687 enirn
1440 1641 1498 1704 pro

364 1727 486 1793 fundae
508 1728 719 1792 alterationes
742 1728 775 1791 in
798 1728 997 1811 corporibus,
1019 1729 1161 1810 quando,
1183 1737 1301 1792 natura
1324 1726 1497 1810 prohibente

364 1830 644 1904 annihilationem,
660 1850 712 1893 ars
728 1829 902 1912 prohibeat
918 1831 1019 1894 etiam
1042 1830 1305 1912 deperditionem
1330 1841 1390 1894 aut
1411 1829 1498 1894 evola·

364 1933 489 1997 tionem
506 1931 644 2011 alicujus
656 1932 759 2014 partis
769 1931 804 1996 ⁸⁷.
841 1931 958 2014 Atque
972 1932 1034 1996 hac
1050 1933 1093 1995 de
1108 1952 1143 1994 re
1154 1931 1291 1996 invaluit
1308 1931 1421 2012 opinio
1434 1930 1497 1991 falsa

365 2032 465 2119 (quae
476 2035 502 2096 si
513 2055 590 2098 vera
603 2043 699 2110 esset,
710 2035 753 2098 de
765 2035 828 2098 ista
841 2037 1089 2100 conservatione
1104 2055 1254 2098 summae
1268 2045 1383 2098 certae
1395 2033 1496 2114 absque

364 2137 584 2201 diminutione
593 2147 680 2202 esset
690 2137 758 2200 fere
768 2135 1044 2224 desperandum):
1066 2139 1129 2202 viz.
1141 2139 1273 2220 spiritus
1284 2157 1463 2220 corporum,
1473 2145 1497 2195 et

301 2247 305 2260 ’
364 2247 473 2304 aerem
487 2239 602 2322 majori
613 2242 718 2323 gradu
731 2242 848 2306 caloris
860 2251 1079 2318 attenuatum,
1092 2241 1190 2306 nullis
1200 2260 1356 2304 vasorum
1372 2239 1496 2304 claustris

364 2364 461 2427 posse
476 2345 644 2424 contineri,
660 2345 739 2427 quin
754 2365 814 2428 per
836 2365 934 2428 poros
955 2365 1107 2408 vasorum
1131 2345 1319 2408 subtiliores
1342 2339 1496 2408 evolentffi.

363 2447 480 2531 Atque
492 2449 524 2511 in
537 2447 623 2513 hanc
635 2449 824 2532 opinionem
837 2449 972 2514 adducti
984 2457 1062 2512 sunt
1072 2448 1224 2512 homines
1240 2468 1297 2530 per
1313 2448 1446 2530 vulgata
1455 2445 1496 2507 illa

365 2553 601 2633 experimenta,
611 2553 721 2635 poculi
731 2553 851 2617 inversi
863 2573 1089 2635 superaquam
1100 2573 1173 2618 curn
1184 2551 1323 2616 candela
1334 2560 1394 2615 aut
1404 2549 1497 2614 charta

365 2655 581 2736 inflammata,
602 2677 646 2719 ex
662 2678 730 2739 quo
746 2657 783 2721 fit
800 2665 837 2720 ut
856 2677 943 2739 aqua
965 2677 1094 2720 sursum
1115 2655 1319 2733 attrahatur;
1352 2665 1449 2736 atque
1466 2651 1497 2714 si·

365 2759 487 2824 militer
507 2769 727 2838 ventosam,
750 2781 837 2842 quae
859 2779 958 2843 super
981 2759 1150 2823 flammam
1176 2758 1359 2824 calefactae
1384 2757 1496 2822 trahunt

365 2883 488 2927 carnes.
534 2863 742 2928 Existimant
758 2863 846 2927 enim
866 2865 897 2926 in
921 2872 1061 2944 utroque
1083 2863 1313 2946 experimento
1335 2869 1442 2926 a'e'reru
1461 2871 1497 2923 at-

364 2975 538 3030 tenuatum
570 2965 721 3042 emitti⁸⁹,
749 2977 783 3031 et
807 2968 885 3031 inde
914 2976 1074 3050 quantem
1099 2967 1202 3049 ipsius
1231 2966 1346 3042 minui,
1378 2967 1497 3046 ideoque

363 3179 464 3234 relates
476 3181 503 3233 in
516 3181 590 3235 what
601 3197 716 3236 manner
730 3184 765 3238 he
783 3199 838 3237 saw
853 3190 882 3237 at
894 3183 1004 3237 Toledo
1018 3183 1057 3254 [iu
1073 3181 1163 3252 1538]‚
1175 3183 1203 3235 ln
1215 3183 1264 3236 the
1275 3198 1410 3251 presenoe
1420 3179 1449 3234 of
1461 3179 1495 3231 the

364 3277 491 3330 emperor
503 3264 557 3317 and
575 3267 677 3318 several
694 3267 831 3320 thousand
846 3273 1006 3336 spectatore,
1020 3275 1076 3321 two
1088 3266 1195 3322 Greeks
1206 3267 1244 3320 let
1256 3266 1422 3320 themselves
1432 3266 1494 3318 doru

363 3343 453 3398 under
470 3353 563 3412 water,
576 3347 603 3400 in
617 3363 632 3400 a
644 3349 717 3415 large
736 3350 861 3404 inverted
880 3351 974 3418 kettle,
993 3349 1089 3404 witha
1105 3350 1222 3417 buming
1240 3349 1316 3417 light,
1334 3350 1391 3403 and
1409 3351 1456 3402 rlse
1470 3362 1496 3414 up

364 3429 442 3495 again
461 3429 576 3483 without
592 3430 674 3499 being
691 3433 763 3486 wet.’
801 3433 865 3488 The
878 3434 1037 3501 diving-bell
1052 3449 1107 3487 was
1125 3433 1269 3502 employed
1281 3433 1326 3486 for
1336 3435 1388 3487 the
1400 3445 1495 3504 purpoee

364 3511 397 3565 of
412 3513 504 3582 trying
523 3519 553 3566 to
573 3529 688 3569 recorer
706 3522 768 3584 part
789 3516 821 3569 of
839 3517 887 3571 the
909 3518 985 3586 spoil,
1007 3518 1080 3572 aster
1100 3516 1148 3571 the
1169 3516 1262 3570 wreck
1281 3517 1315 3570 of
1335 3517 1386 3570 the
1404 3513 1496 3585 Spanisb

363 3597 493 3650 Armada.

399 3677 420 3709 ⁸⁶
439 3681 491 3748 Cp.
502 3679 571 3733 New
581 3681 708 3750 Atlantis,
723 3681 756 3737 E.
769 3683 822 3736 and
836 3685 871 3749 8.,
885 3683 937 3737 rol.
948 3683 984 3737 iil.
997 3701 1024 3753 p.
1037 3686 1102 3749 r63:
1121 3681 1193 3736 ‘We
1206 3684 1274 3736 hare
1285 3683 1359 3752 ships
1371 3683 1424 3737 and
1436 3684 1497 3736 borls

363 3762 408 3816 for
419 3764 501 3829 going
514 3764 603 3818 under
615 3772 710 3833 water,
723 3766 776 3820 and
789 3766 925 3834 brooklng
937 3767 970 3820 of
982 3768 1059 3821 sess!
1097 3767 1153 3820 Mr.
1166 3766 1240 3828 Ellis,
1254 3768 1282 3819 in
1294 3783 1311 3820 a
1324 3775 1391 3820 note
1402 3783 1436 3819 on
1452 3765 1497 3817 that

363 3861 483 3912 passage,
501 3862 562 3914 says
580 3848 640 3901 that
661 3865 678 3901 a
699 3850 766 3904 boat
787 3849 832 3903 for
852 3851 936 3918 going
955 3851 1045 3904 under
1064 3855 1151 3905 water
1171 3865 1228 3903 was
1248 3866 1302 3903 one
1322 3851 1356 3903 of
1371 3849 1497 3903 Drebbel's

364 3929 518 3982 inventions
536 3928 677 3986 exhibited
695 3933 724 3984 in
740 3935 817 3986 1620.
854 3937 906 3988 See
920 3933 976 3988 also
995 3934 1037 3988 his
1055 3938 1122 3987 note
1138 3949 1175 3986 on
1191 3933 1237 3986 De
1249 3933 1419 3999 Augmentis,
1431 3933 1470 3984 hb.
1479 3947 1497 3980 r.

365 4027 424 4080 cap.
440 4029 452 4064 2
469 4013 513 4078 (E.
527 4013 581 4065 and
595 4016 629 4080 8.,
644 4017 696 4068 vol.
709 4016 726 4068 i.
740 4032 766 4084 p.
780 4016 855 4086 ⁶28).

399 4093 420 4126 ‘⁷
440 4097 490 4164 Cp.
502 4097 551 4150 the
565 4097 687 4151 remarks
700 4115 735 4152 on
749 4100 897 4168 ‘Spiritus’
913 4101 940 4154 in
953 4100 980 4153 il.
994 4117 1038 4166 40.

399 4177 419 4208 ⁸⁸
437 4179 501 4232 The
519 4181 643 4250 porosity
661 4180 693 4234 of
709 4197 777 4236 even
797 4184 844 4236 the
863 4183 964 4238 harder
980 4183 1080 4237 metals
1096 4183 1145 4234 has
1162 4181 1234 4235 been
1252 4179 1455 4235 demonstrated
1470 4179 1495 4244 by

364 4263 411 4316 the
426 4263 586 4316 Florentine
599 4264 654 4316 and
666 4266 768 4320 similar
781 4267 976 4335 experiments.
1502 4305 1508 4324 .

399 4345 420 4376 ⁵⁹
439 4345 502 4399 The
515 4348 556 4399 air
568 4347 634 4400 does
647 4355 697 4402 not
709 4365 806 4419 escape
823 4351 941 4417 through
957 4349 1005 4402 the
1024 4365 1105 4418 pones
1120 4348 1154 4402 of
1169 4348 1217 4401 the
1233 4348 1334 4412 ressel;
1352 4347 1410 4412 but,
1424 4345 1496 4408 owing

363 4435 394 4481 to
408 4429 442 4480 its
455 4429 627 4497 rarefaction,
640 4447 655 4482 a
668 4434 777 4498 portion
791 4433 823 4486 of
836 4434 859 4488 it
874 4435 923 4488 has
935 4433 1045 4502 already
1059 4431 1184 4501 escaped,
1197 4430 1293 4485 before
1306 4431 1341 4483 its
1352 4427 1494 4500 application

364 4515 395 4560 to
407 4509 454 4560 the
467 4515 553 4563 water
566 4527 598 4563 or
610 4511 685 4565 flesh.
