3208 5094
609 427 690 482 ars.
713 426 758 483 rr.
781 429 833 502 50·
1234 431 1295 500 571

191 590 345 658 Calorem
362 610 442 655 vero
464 590 555 673 quod
577 591 706 670 attinet,
721 591 818 674 copia
839 599 873 655 et
894 597 1043 674 potestas
1063 589 1215 653 nimirum
1237 589 1296 653 ho-

147 697 226 759 mini
247 697 380 760 abunde
399 696 516 772 adest3
540 695 727 759 observatio
747 705 860 759 autem
881 705 916 760 et
938 695 1107 777 inquisitio
1129 693 1240 758 deficit
1263 695 1296 757 in

146 798 320 876 nonnullis,
336 798 441 881 iisque
464 799 612 862 maxime
634 801 833 874 necessariis,
851 809 1018 882 utcunque
1040 799 1204 882 spagyrici
1213 796 1240 836 ¹⁴
1260 819 1296 860 se

145 904 327 968 venditent.
373 901 507 966 Etenim
527 901 645 966 caloris
665 901 850 966 intensioris
870 903 1001 986 opificia
1022 905 1240 985 exquiruntur
1262 911 1296 966 et

145 1007 411 1088 conspiciuntur;
434 1006 628 1070 remissioris
642 1026 728 1081 vero,
744 1027 830 1089 quae
853 1009 1001 1072 maxime
1021 1009 1054 1071 in
1068 1009 1138 1071 vias
1159 1017 1296 1071 naturae

147 1110 305 1188 incidunt,
321 1130 386 1173 non
410 1119 588 1188 tentantur,
608 1109 749 1192 ideoque
772 1111 886 1176 latent.
933 1112 1049 1194 ltaque
1068 1113 1218 1175 videmus
1239 1129 1297 1194 per
1359 1157 1361 1164 -

145 1215 305 1278 vulcanos
316 1213 340 1252 ¹⁵
355 1215 437 1278 istos
458 1214 516 1297 qui
537 1214 570 1276 in
591 1215 698 1295 pretio
718 1224 804 1290 sunt,
821 1215 954 1297 spiritus
969 1235 1141 1298 corporum
1158 1234 1295 1298 magno·

146 1337 225 1399 pere
251 1317 403 1394 exaltari,
431 1327 468 1381 ut
498 1317 532 1380 in
561 1317 656 1400 aquis
684 1317 833 1396 sortibus,
861 1325 895 1381 et
922 1319 1086 1382 nonnullis
1111 1320 1183 1382 aliis
1214 1317 1296 1382 oleis

145 1419 325 1502 chymicis;
355 1428 466 1502 partes
490 1419 667 1503 tangibiles
688 1420 842 1497 indurari,
865 1427 908 1495 et,
936 1421 1056 1484 emisso
1080 1421 1214 1500 volatili,
1236 1421 1295 1484 ali·

145 1526 280 1607 quando
310 1525 388 1607 figi;
424 1533 537 1610 partes
570 1525 794 1607 homogeneas
823 1526 987 1607 separari;
1024 1527 1124 1590 etiam
1158 1544 1295 1608 corpora

145 1628 365 1712 heterogenea
380 1649 497 1713 grosso
512 1631 613 1694 modo
628 1629 827 1711 incorporari
847 1638 882 1693 et
900 1630 1104 1694 commisceri
1117 1654 1124 1708 3
1149 1629 1296 1693 maxime

144 1743 256 1797 autem
272 1754 450 1816 compages
471 1753 646 1816 corporum
667 1734 927 1815 compositorum
949 1743 981 1798 et
1002 1734 1189 1798 subtiliores
1203 1733 1296 1797 sche-

145 1838 317 1901 matismos
347 1837 472 1902 destrui
502 1845 535 1900 et
566 1835 733 1900 conlundi.
794 1837 987 1901 Debuerant
1019 1847 1132 1900 autem
1165 1837 1296 1920 opificia

145 1941 262 2004 caloris
285 1941 417 2005 lenioris
439 1941 560 2005 tentari
584 1949 618 2004 et
640 1941 791 2024 exquiri;
818 1943 906 2006 unde
928 1940 1116 2005 subtiliores
1139 1943 1295 2004 misturae

145 2053 178 2106 et
194 2043 417 2108 schematismi
434 2045 577 2108 ordinati
597 2045 687 2126 gigni
710 2044 838 2126 possint
861 2056 895 2109 et
917 2047 1021 2122 educi,
1038 2047 1081 2109 ad
1102 2046 1295 2127 exemplum

146 2155 283 2209 naturae
298 2156 332 2210 et
348 2147 567 2211 imitationem
583 2168 720 2229 operum
736 2148 830 2226 solis3
845 2150 1127 2232 quemadmodum
1144 2151 1176 2213 in
1192 2149 1296 2232 apho-

145 2249 245 2312 rismo
267 2248 309 2313 de
329 2249 494 2313 instantiis
501 2249 649 2330 foedmk
658 2248 683 2288 ¹⁶
704 2253 870 2332 quaedam
889 2253 1168 2318 adumbravimus.
1214 2251 1295 2336 Opi·

145 2352 218 2416 ficia
237 2353 325 2416 enim
348 2361 486 2417 naturae
507 2353 735 2436 transiguntur
755 2374 816 2437 per
835 2355 932 2437 longe
956 2356 1097 2420 minores
1119 2356 1295 2438 portiones,

145 2464 179 2520 et
200 2458 365 2539 posituras
388 2457 493 2540 magis
517 2457 699 2538 exquisitas
722 2468 757 2522 et
779 2460 895 2535 varias,
919 2480 1019 2541 quam
1044 2459 1175 2542 opificia
1201 2460 1294 2541 ignis,

145 2570 244 2642 prout
278 2581 363 2626 nunc
397 2561 583 2625 adhibetur.
643 2561 731 2624 Tum
761 2582 838 2626 vero
871 2565 1022 2627 videatur
1050 2564 1151 2628 homo
1184 2583 1296 2628 revera

146 2673 261 2728 auctus
277 2673 443 2746 potestate
453 2663 484 2743 ¹⁷,
499 2665 525 2728 si
542 2686 600 2748 per
615 2664 740 2728 calores
761 2675 796 2730 et
815 2668 981 2748 potentias
996 2667 1181 2731 artificiales
1196 2689 1296 2750 opera

147 2776 284 2831 naturae
314 2769 443 2851 possint
471 2769 581 2851 specie
615 2771 861 2852 repraesentari,
893 2772 1014 2835 virtute
1047 2771 1167 2853 perfici,
1200 2773 1294 2854 copia

145 2873 281 2952 variari3
298 2874 418 2954 quibus
432 2873 555 2938 addere
570 2882 700 2955 oportet
716 2875 987 2938 accelerationem
1004 2875 1170 2958 temporis.
1205 2875 1294 2939 Nam

147 2975 262 3057 rubigo
296 2976 371 3040 ferri
403 2975 501 3060 longo
530 2987 680 3058 tempore
710 2978 869 3060 procedit,
899 2989 935 3043 at
963 2981 1069 3044 versio
1100 2981 1132 3043 in
1164 3000 1295 3044 crocum

146 3191 177 3245 of
188 3192 241 3245 this
254 3194 349 3261 insect,
360 3193 395 3247 its
407 3194 600 3262 devastations,
609 3195 664 3249 and
677 3195 712 3248 its
723 3196 894 3264 enudations,
904 3211 950 3250 see
959 3197 1008 3251 the
1020 3199 1088 3253 Rev.
1097 3199 1123 3270 J.
1133 3199 1168 3253 G.
1178 3197 1296 3254 Wood’s

147 3276 252 3330 lnsects
265 3281 294 3330 at
307 3277 411 3344 Home,
422 3293 449 3345 p.
463 3293 523 3344 542,
536 3277 587 3332 icc.

181 3360 262 3414 None
280 3359 313 3413 of
328 3361 376 3414 the
394 3361 473 3416 tbree
491 3361 630 3430 examples
647 3359 773 3416 adduced
792 3362 829 3432 by
842 3360 944 3431 Bacon,
958 3365 980 3418 it
992 3365 1045 3419 vill
1060 3366 1096 3420 be
1114 3367 1233 3434 noticed,
1247 3380 1294 3420 are

145 3443 229 3511 really
240 3444 377 3497 instances
389 3444 420 3498 of
431 3445 663 3499 ‘condensation'
701 3446 765 3499 Tbe
782 3446 955 3514 phenomena
974 3449 1007 3502 all
1024 3452 1094 3503 arise
1106 3448 1179 3504 from
1191 3448 1294 3504 exuda-

144 3527 214 3593 tion,
226 3527 316 3580 either
328 3527 360 3580 of
369 3528 416 3582 the
428 3529 504 3597 plant
516 3527 592 3582 itself
601 3544 634 3582 or
646 3528 679 3582 os
688 3545 722 3583 an
736 3531 823 3583 insect
835 3532 946 3598 settling
958 3547 993 3584 on
1007 3532 1055 3585 the
1067 3534 1152 3601 plant.

181 3608 203 3639 ¹⁴
220 3609 290 3662 This
308 3611 385 3662 word
406 3611 474 3664 does
491 3617 542 3666 not
559 3627 644 3664 occur
662 3613 690 3664 in
709 3612 757 3665 Du
777 3612 879 3679 Gange,
897 3613 949 3664 but
970 3613 998 3664 in
1017 3615 1164 3682 Calepinus
1188 3614 1198 3667 l
1221 3612 1292 3667 find:

145 3695 290 3763 (φαείνω,
299 3691 466 3760 alchymista,
476 3693 524 3762 qui
537 3693 646 3747 metalla
655 3709 785 3763 coquens,
795 3711 894 3763 purum
907 3695 943 3748 ab
952 3695 1059 3762 impuro
1068 3703 1184 3763 separat.
1212 3697 1294 3751 Unde

143 3778 296 3848 spagiricus,
308 3775 343 3827 ad
355 3775 491 3842 spaglrum
505 3775 661 3846 pertinens!
690 3776 783 3830 Tbese
796 3777 849 3830 and
862 3778 909 3831 tbe
922 3778 1002 3831 allied
1015 3777 1105 3832 words
1116 3795 1162 3832 are
1175 3778 1207 3832 of
1217 3796 1294 3834 com·

145 3877 210 3914 mon
229 3873 399 3912 occurrence
417 3859 445 3910 iu
464 3857 633 3914 Paracelsus.
674 3860 706 3912 ln
724 3859 772 3913 the
792 3859 836 3913 De
854 3859 961 3914 Natura
975 3861 1089 3930 Rerum,
1103 3861 1148 3917 lib.
1161 3863 1215 3917 viii.
1229 3863 1293 3935 (Op.

144 3946 228 3998 Orno.
248 3943 352 3996 Genev.
375 3945 451 4009 1658,
470 3942 522 3995 vol.
542 3943 569 3996 ii.
591 3958 618 4010 p.
640 3941 711 4010 104),
734 3943 769 3996 he
793 3942 961 4014 elaborately
980 3945 1082 4012 praises
1101 3948 1150 4000 the
1172 3947 1293 4002 ‘Medici

145 4026 298 4096 Spagyrici’
312 4027 337 4078 in
352 4026 525 4095 comparison
539 4027 604 4080 with
617 4025 665 4080 the
679 4026 761 4080 other
775 4026 887 4081 Medici.

180 4110 275 4164 There
294 4110 316 4162 is
333 4126 349 4163 a
367 4109 432 4177 long
450 4109 505 4164 and
523 4110 686 4178 interesting
704 4117 823 4164 account
840 4109 872 4164 oi
891 4109 945 4164 this
963 4111 1040 4164 word
1059 4112 1086 4166 ln
1106 4113 1211 4182 Kopp’s
1229 4115 1292 4169 Bei-

143 4196 220 4261 trige
239 4208 289 4246 zur
303 4192 470 4247 Gescbichte
485 4193 535 4246 der
548 4193 665 4260 Chlmie,
679 4192 899 4260 Braunscbweig,
915 4197 992 4261 1869,
1005 4209 1050 4262 pp.
1063 4198 1141 4262 63-4,
1152 4204 1227 4252 note.
1265 4199 1293 4251 lt

142 4293 198 4331 was
210 4275 314 4343 usually
326 4275 437 4329 derived
450 4275 522 4330 from
536 4276 605 4346 σπᾷυ
618 4279 659 4331 καὶ
671 4275 791 4347 ἀγείρειν,
803 4282 834 4329 to
845 4282 970 4344 separate
983 4279 1036 4330 and
1049 4279 1185 4334 combine.

178 4357 200 4390 ¹⁶
218 4358 330 4412 ‘Those
342 4358 423 4427 fires,'
436 4375 466 4414 as
478 4361 505 4414 in
519 4363 588 4415 Aen.
601 4361 644 4414 vii.
659 4373 709 4424 77:
728 4361 784 4413 ‘Ac
797 4361 863 4413 totis
876 4359 1029 4414 Vulcanum
1041 4377 1168 4431 spargere
1180 4364 1280 4420 tectis!

178 4440 199 4473 ¹¹
219 4445 270 4494 See
283 4441 309 4494 ii.
325 4457 367 4508 35.

179 4523 200 4556 ¹⁷
218 4525 269 4594 Cp.
283 4525 299 4578 i.
315 4541 339 4591 3.
