3346 5104
298 427 360 498 250
675 423 833 480 wowuw
853 425 1071 484 ononwurr.

296 590 479 682 perjocum
500 601 534 656 et
556 591 702 670 ironiam,
718 593 752 657 in
775 595 889 660 odium
913 604 1061 659 veterum
1085 592 1308 678 sophistarum
1318 593 1352 671 ⁶¹,
1369 593 1449 658 Pro·

297 703 439 777 tagorae,
466 695 618 779 Hippiae,
644 707 678 762 et
708 698 914 780 reliquorum,
941 700 997 781 qui
1027 698 1108 762 nihil
1140 708 1211 762 tam
1241 700 1449 774 verebantur,

299 817 399 879 quam
415 819 457 861 ne
475 800 628 864 dubitare
644 801 686 864 de
703 822 736 864 re
752 801 863 884 aliqua
877 803 1075 866 viderentur.
1118 800 1169 865 At
1180 821 1265 866 nova
1279 803 1451 867 academia

297 901 525 983 acatalepsiam
548 904 795 987 dogmatizavit,
819 914 919 969 etex
943 904 1090 988 professo
1113 907 1242 971 tenuit:
1266 926 1351 989 quae
1375 907 1452 970 licet

299 1003 467 1068 honestior
496 1007 578 1070 ratio
608 1009 659 1082 sit,
689 1028 791 1090 quam
812 1007 1058 1090 pronunciandi
1085 1007 1225 1084 licentia,
1256 1029 1358 1092 quum
1389 1008 1453 1092 ipsi

299 1126 360 1189 pro
375 1129 411 1172 se
426 1110 539 1173 dicant
558 1131 595 1173 se
613 1111 750 1175 minime
773 1111 974 1176 confundere
995 1111 1252 1193 inquisitionem,
1267 1123 1304 1176 ut
1325 1111 1452 1195 Pyrrho

298 1209 376 1275 lecit
395 1221 428 1275 et
447 1212 628 1295 EphecticI,
645 1215 703 1278 sed
724 1213 847 1278 habere
868 1216 957 1297 quod
979 1224 1160 1297 sequantur
1180 1225 1217 1280 ut
1235 1214 1407 1298 probabile
1417 1212 1453 1289 ⁶²,

299 1313 377 1378 licet
398 1336 463 1378 non
486 1315 630 1380 habeant
650 1319 739 1400 quod
759 1327 895 1382 teneant
919 1329 1114 1396 utaerum3
1137 1328 1252 1382 tamen
1274 1327 1453 1401 postquam

300 1418 429 1481 animus
454 1418 619 1483 humanus
649 1423 691 1484 de
716 1422 855 1486 veritate
876 1422 1073 1486 invenienda
1095 1421 1198 1486 semel
1222 1422 1453 1505 desperaverit,

300 1522 435 1586 omnino
461 1525 574 1588 omnia
598 1524 682 1588 fiunt
705 1524 933 1608 languidiora:
966 1546 1010 1589 ex
1036 1545 1103 1607 quo
1135 1526 1182 1604 fit,
1211 1537 1248 1590 ut
1275 1526 1455 1590 deflectant

301 1623 452 1689 homines
481 1628 592 1707 potius
624 1630 667 1692 ad
701 1649 859 1693 amoenas
889 1630 1134 1712 disputationes
1158 1639 1192 1693 et
1223 1631 1395 1705 discursus,
1420 1637 1454 1692 et

301 1748 409 1792 rerum
425 1732 586 1811 quasdam
603 1733 858 1814 peragrationes,
875 1753 975 1815 quam
991 1733 1025 1795 in
1046 1735 1221 1796 severitate
1237 1732 1454 1816 inquisitionis

301 1853 337 1896 se
354 1834 546 1898 sustineant.
591 1834 724 1911 Verum,
749 1837 838 1918 quod
857 1856 877 1898 a
896 1836 1056 1918 principio
1075 1838 1222 1900 diximus
1240 1847 1274 1900 et
1294 1846 1455 1920 perpetuo

301 1937 440 2019 agimus,
469 1939 579 2002 sensui
609 1949 644 2003 et
673 1941 854 2004 intellectui
883 1940 1029 2004 humano
1060 1961 1241 2024 eorumque
1271 1941 1453 2005 infirmitati

301 2040 483 2106 authoritas
499 2063 564 2107 non
580 2054 630 2107 est
645 2045 844 2127 deroganda,
862 2047 920 2109 sed
939 2044 1065 2110 auxilia
1081 2046 1280 2128 praebenda.

797 2185 962 2250 LXVIII.

345 2293 462 2378 Atque
485 2298 528 2360 de
547 2297 707 2361 idolorum
729 2299 866 2381 singulis
886 2299 1070 2381 generibus,
1091 2319 1272 2381 eorumque
1294 2306 1455 2380 apparatu

300 2399 369 2482 jam
397 2402 562 2482 diximus;
588 2424 674 2485 quae
696 2404 809 2467 omnia
829 2405 993 2467 constanti
1017 2413 1051 2467 et
1072 2403 1198 2467 solenni
1222 2407 1355 2468 decreto
1378 2411 1455 2466 sunt

303 2506 501 2588 abneganda
522 2517 556 2571 et
574 2510 804 2584 renuncianda,
821 2516 855 2572 et
874 2508 1062 2572 intellectus
1082 2510 1125 2572 ab
1147 2511 1187 2572 iis
1207 2510 1343 2573 omnmo
1362 2509 1457 2572 liber·

304 2611 411 2674 andus
434 2621 486 2675 est
509 2623 543 2676 et
565 2613 821 2696 expurgandus;
853 2623 889 2676 ut
916 2633 982 2675 non
1009 2612 1093 2676 alius
1118 2612 1185 2677 iere
1209 2615 1252 2676 sit
1277 2615 1387 2676 aditus
1413 2613 1456 2676 ad

306 2735 443 2797 regnum
463 2715 615 2792 hominis,
632 2718 722 2800 quod
740 2717 897 2780 fundatur
915 2718 948 2780 in
968 2718 1120 2794 scientiis,
1136 2739 1235 2800 quam
1256 2719 1299 2781 ad
1318 2736 1455 2799 regnum

304 2821 480 2898 coelorum,
497 2823 531 2885 in
546 2821 641 2904 quod,
658 2823 726 2885 nisi
738 2821 796 2884 sub
804 2833 946 2902 persona.
959 2821 1111 2902 infantrs,
1128 2823 1256 2885 intrare
1270 2843 1331 2885 non
1347 2821 1458 2884 datur.

307 2967 353 3019 De
369 2965 475 3022 Natura
492 2968 627 3036 Deorum,
639 2967 684 3020 lib.
698 2967 716 3021 i.
729 2983 788 3035 cap.
803 2973 835 3022 8:
855 2967 947 3020 ‘Tum
960 2967 1089 3035 Velleius,
1108 2968 1225 3022 fidenter
1237 2984 1311 3036 sane,
1326 2975 1356 3022 ut
1369 2968 1460 3020 solent

306 3051 360 3116 isti,
374 3051 440 3104 nibil
458 3059 514 3104 tam
532 3067 637 3119 verens,
651 3067 733 3120 quam
753 3066 787 3103 ne
805 3050 932 3103 dubitare
950 3051 1041 3120 aliqua
1055 3051 1090 3104 de
1109 3067 1139 3104 re
1151 3052 1308 3105 videretur:
1327 3056 1460 3120 tanquam

306 3135 391 3189 modo
410 3153 444 3188 ex
462 3136 578 3190 deorum
596 3137 722 3202 concilia,
740 3140 770 3188 et
791 3151 825 3188 ex
840 3135 951 3203 Epicuri
971 3135 1163 3189 Intermundiis
1180 3135 1381 3189 descendIsset.’
1427 3135 1460 3186 ln

306 3220 361 3272 this
373 3219 518 3287 Aphorism
531 3219 610 3272 there
622 3221 645 3272 is
658 3235 695 3272 no
707 3219 820 3272 allusIon
832 3226 863 3272 to
873 3219 992 3272 Velleius
1005 3218 1041 3288 by
1053 3235 1143 3286 name,
1156 3220 1206 3272 but
1219 3236 1235 3273 a
1247 3219 1357 3288 portion
1371 3217 1402 3271 of
1412 3217 1461 3270 the

306 3319 417 3372 passage
429 3303 457 3355 in
470 3302 517 3355 the
532 3303 576 3356 De
589 3303 695 3356 Natura
709 3303 833 3356 Deorum
847 3304 868 3355 is
880 3303 1074 3371 incorporated
1087 3304 1115 3356 in
1126 3303 1175 3356 the
1187 3311 1257 3356 text.

342 3386 362 3418 ⁶¹
383 3387 445 3440 The
458 3389 572 3456 positIve
583 3388 637 3441 and
649 3387 787 3453 dogmatic
806 3387 949 3441 character
967 3387 999 3440 of
1013 3388 1062 3441 the
1075 3387 1121 3441 old
1138 3387 1259 3456 Sophists
1277 3387 1299 3440 is
1311 3387 1372 3440 well
1387 3385 1461 3439 illus·

306 3471 397 3525 trated
411 3472 438 3524 in
451 3473 498 3526 the
514 3477 554 3524 rst
567 3471 640 3524 book
654 3471 685 3525 oi
696 3471 798 3524 Plato's
812 3471 955 3540 Republic,
968 3471 996 3523 in
1008 3472 1057 3524 the
1071 3487 1171 3540 person
1186 3470 1218 3524 of
1229 3470 1462 3539 Thrasymachus,

307 3556 378 3623 who,
391 3555 525 3622 however,
539 3563 613 3608 must
624 3555 659 3608 be
671 3556 806 3622 regarded
818 3571 846 3608 as
859 3572 875 3608 a
887 3555 1048 3610 caricature.
1086 3555 1149 3608 The
1162 3555 1273 3621 English
1287 3554 1386 3607 reader
1397 3570 1462 3622 may

307 3639 342 3692 be
367 3639 499 3705 referred,
519 3655 556 3693 on
577 3639 625 3691 the
645 3627 754 3708 subject
775 3638 808 3692 of
828 3639 876 3693 the
899 3638 1029 3707 Sophists,
1049 3644 1079 3692 to
1102 3639 1157 3692 Mr.
1171 3639 1276 3692 Lewes’
1298 3639 1414 3706 History
1433 3635 1465 3690 of

308 3723 482 3792 Philosophy,
495 3723 608 3777 Grote’s
620 3722 734 3791 chapter
747 3739 784 3776 on
802 3723 850 3776 the
864 3722 987 3791 sophists
1006 3724 1032 3775 in
1050 3723 1092 3776 hIs
1106 3723 1222 3791 History
1235 3722 1267 3775 of
1280 3723 1389 3775 Greece
1408 3722 1462 3774 and

306 3808 348 3861 his
360 3807 437 3861 work
449 3823 486 3861 on
500 3807 579 3860 Plato
591 3807 768 3874 throughout,
782 3808 825 3860 Sir
835 3807 990 3860 Alexander
999 3808 1111 3860 Grant's
1123 3807 1225 3861 second
1239 3807 1323 3873 Essay
1337 3805 1461 3874 prefixed

307 3901 337 3946 to
351 3893 391 3946 bis
403 3892 508 3945 edition
521 3891 553 3945 of
559 3891 712 3944 Aristotle’s
729 3891 833 3958 Ethics,
846 3891 899 3944 aud
913 3891 969 3944 Mr.
980 3891 1078 3959 Henry
1092 3890 1250 3956 Sidgwi'clr’s
1262 3905 1359 3958 papers
1372 3892 1399 3942 in
1413 3889 1461 3943 the

307 3976 422 4047 Journal
435 3974 467 4028 of
477 3976 630 4044 Philology.

345 4058 366 4092 ⁰²
387 4061 442 4113 For
464 4059 540 4112 these
559 4059 656 4126 grades
674 4057 706 4110 of
722 4058 894 4128 probability,
914 4074 961 4111 see
983 4063 1049 4111 note
1067 4075 1098 4123 4¹
1119 4073 1156 4110 on
1175 4057 1246 4126 Aph.
1262 4073 1304 4123 37.
1349 4058 1394 4110 On
1412 4057 1461 4110 the

308 4143 490 4210 distinctions,
503 4143 559 4196 real
571 4159 603 4195 or
615 4142 759 4210 supposed,
772 4142 898 4196 between
912 4143 960 4194 the
972 4142 1112 4195 doctrines
1128 4139 1161 4193 ol
1175 4142 1223 4194 tbe
1238 4140 1307 4194 New
1320 4141 1462 4208 Academy

309 4229 363 4282 and
376 4227 423 4280 the
442 4227 563 4294 Sceptics
578 4242 687 4294 proper,
700 4241 747 4278 see
759 4226 806 4278 the
819 4242 893 4279 same
907 4232 983 4279 note.
1020 4226 1083 4278 The
1096 4226 1190 4278 school
1203 4223 1235 4277 of
1250 4224 1357 4293 Pyrrho
1372 4224 1462 4294 (often

309 4312 396 4366 called
421 4310 596 4382 Pyrrhonists
621 4327 649 4363 as
671 4309 731 4362 well
754 4325 784 4362 as
809 4309 941 4378 Sceptics)
958 4325 1011 4362 was
1035 4310 1110 4377 prior
1134 4315 1165 4361 to
1189 4308 1250 4361 that
1272 4307 1304 4362 of
1322 4309 1371 4362 the
1391 4306 1462 4362 New

311 4393 459 4465 Academy,
473 4394 580 4464 Pyrrho
597 4393 708 4446 himself
722 4392 804 4460 being
820 4399 1033 4461 contemporary
1046 4393 1112 4445 with
1130 4392 1286 4445 Alexander
1302 4393 1349 4445 the
1365 4393 1463 4458 Great,

308 4480 360 4532 but
373 4480 394 4532 it
408 4496 461 4533 was
474 4477 583 4532 revived
596 4485 624 4530 at
641 4493 657 4529 a
673 4476 755 4530 much
772 4476 843 4530 later
861 4476 956 4544 period
969 4476 1005 4546 by
1019 4475 1210 4530 AEnesidemus
1227 4477 1282 4529 and
1298 4475 1339 4528 his
1351 4491 1462 4529 succes-

308 4579 376 4629 sors,
390 4577 489 4630 among
503 4562 593 4616 whom
607 4578 660 4616 was
673 4562 771 4614 Sextus
784 4560 947 4631 EmpirIcus.
