3220 5102
314 391 379 473 480
691 397 848 458 novara
868 396 1086 466 ohannau.

316 562 364 642 fit,
391 584 452 647 per
481 569 651 628 momenta
680 581 747 638 non
776 561 811 626 in
837 568 961 644 puncto
986 559 1154 642 temporis,
1179 568 1212 622 et
1236 557 1270 622 in
1297 557 1382 635 loco,
1409 576 1475 640 per

316 670 439 752 gradus
463 679 496 734 et
522 669 639 751 spatia.
685 665 747 728 Est
771 665 884 747 itaque
908 663 1043 746 aliquod
1067 673 1273 735 momentum
1297 665 1473 745 tempor'm,

316 783 351 852 et
376 773 512 854 aliquod
538 769 746 835 intervallum
769 769 842 845 loci,
866 768 899 831 in
922 768 1041 849 quibus
1068 768 1131 834 ista
1156 768 1259 830 virtus
1285 768 1353 830 sive
1378 767 1475 832 actio

316 876 430 939 haeret
457 877 489 938 in
517 874 627 938 medio
654 874 738 936 inter
764 873 831 936 duo
857 870 914 934 illa
941 891 1077 953 corpora
1103 892 1188 954 quae
1214 881 1342 948 motum
1367 870 1473 936 cient.

319 979 503 1046 Reducitur
525 979 638 1058 itaque
662 973 899 1056 contemplatio
924 975 968 1037 ad
995 973 1077 1050 hoc;
1110 983 1219 1037 utrum
1246 974 1303 1038 illa
1329 993 1472 1055 corpora

317 1104 404 1166 quae
419 1090 495 1146 sunt
509 1080 640 1144 termini
656 1087 766 1142 motus
781 1078 960 1160 disponant
973 1076 1026 1140 vel
1041 1077 1182 1142 alterent
1197 1098 1332 1159 corpora
1347 1076 1474 1151 media,

318 1195 355 1255 ut
370 1207 429 1270 per
446 1184 685 1249 successionem
702 1191 876 1246 attactum
891 1201 1004 1244 verum
1021 1181 1150 1245 labatur
1164 1183 1269 1246 virtus
1285 1202 1306 1244 a
1324 1179 1474 1246 termino

317 1290 361 1356 ad
376 1290 563 1366 terminum,
579 1297 613 1352 et
629 1287 758 1352 interim
774 1287 932 1351 subsistat
947 1285 1132 1368 incorpore
1148 1285 1273 1364 medio;
1289 1305 1332 1348 an
1347 1283 1471 1346 horum

317 1393 397 1458 nihil
422 1395 473 1470 sit,
500 1403 628 1475 praeter
653 1411 790 1474 corpora
812 1398 848 1455 et
872 1389 1029 1466 virtutem
1055 1398 1089 1452 et
1116 1387 1245 1471 spatia?
1289 1387 1406 1468 Atque
1433 1387 1475 1450 in

319 1498 417 1562 radiis
435 1497 554 1580 opticis
575 1505 608 1560 et
626 1495 716 1558 sonis
737 1504 771 1558 et
791 1493 900 1558 calore
920 1501 954 1556 et
975 1492 1047 1555 aliis
1068 1492 1233 1556 nonnullis
1254 1489 1473 1573 operantibus

318 1601 361 1666 ad
377 1603 513 1678 distans,
528 1599 699 1682 probabile
718 1606 768 1663 est
788 1597 897 1662 media
917 1616 1055 1678 corpora
1075 1596 1206 1677 disponi
1228 1604 1261 1658 et
1281 1591 1473 1658 alterariss:

319 1723 359 1768 eo
386 1705 501 1785 magis,
524 1704 613 1784 quod
637 1701 820 1784 requiratur
842 1700 988 1764 medium
1005 1699 1231 1781 qualificatum
1253 1699 1296 1762 ad
1320 1697 1474 1762 deieren·
1593 1769 1594 1780 χ

318 1808 396 1870 dam
413 1807 639 1888 operationem
655 1804 767 1868 talem.
811 1804 863 1868 At
878 1803 1063 1886 magnetica
1079 1802 1134 1866 illa
1149 1803 1217 1866 sive
1233 1803 1350 1866 coitiva
1365 1801 1475 1864 virtus
1593 1817 1594 1874 1

319 1910 466 1974 admittit
493 1909 603 1971 media
628 1917 787 1989 tanquam
811 1907 1001 1990 adiaphora,
1024 1927 1084 1971 nec
1107 1906 1285 1988 impeditur
1306 1907 1409 1968 virtus
1437 1905 1473 1966 in

320 2012 497 2094 omnigeno
528 2010 647 2075 medio.
702 2010 803 2092 Quod
834 2011 862 2074 si
892 2011 938 2074 nil
968 2010 1019 2084 rei,
1044 2008 1165 2074 habeat
1194 2011 1296 2074 virtus
1325 2008 1383 2072 illa
1410 2015 1474 2072 aut

320 2115 408 2178 actio
431 2133 506 2176 cum
530 2133 666 2195 corpore
689 2114 810 2188 medio,
829 2114 976 2195 sequitur
999 2115 1088 2196 quod
1111 2114 1154 2177 sit
1175 2113 1279 2178 virtus
1300 2120 1358 2175 aut
1381 2111 1473 2174 actio

321 2216 478 2280 naturalis
492 2217 536 2279 ad
552 2226 686 2298 tempus
705 2216 898 2281 nonnullum
919 2226 953 2281 et
973 2217 1007 2280 in
1027 2215 1100 2281 loco
1116 2216 1274 2280 nonnullo
1288 2215 1474 2280 subsistens

320 2321 392 2387 sine
412 2340 567 2402 corpore;
591 2340 667 2383 cum
689 2340 797 2403 neque
819 2320 976 2386 subsistat
997 2320 1030 2382 in
1053 2320 1244 2402 corporibus
1264 2317 1474 2382 terminanti-

319 2426 390 2503 bus,
413 2444 473 2487 nec
499 2423 532 2485 in
557 2423 682 2488 mediis.
728 2423 841 2506 Quare
862 2424 950 2488 actio
973 2424 1160 2505 magnetica
1182 2424 1303 2505 poterit
1326 2441 1398 2486 esse
1421 2422 1473 2484 in·

320 2529 444 2592 stantia
465 2527 605 2590 divortii
626 2527 711 2590 circa
734 2535 884 2590 naturam
911 2546 1102 2608 corpoream
1126 2535 1160 2589 et
1182 2527 1347 2590 actionem
1376 2533 1472 2586 natu-

321 2633 433 2695 ralem.
479 2630 541 2694 Cui
557 2630 620 2693 hoc
635 2629 733 2710 adjici
748 2638 860 2712 potest
876 2638 1035 2711 tanquam
1050 2629 1256 2693 corollarium
1272 2639 1329 2692 aut
1344 2628 1472 2690 lucrum

321 2756 388 2799 non
415 2734 767 2817 praetermittendum:
798 2733 860 2796 viz.
886 2733 974 2814 quod
1003 2732 1103 2796 etiam
1131 2734 1311 2798 secundum
1338 2751 1472 2796 sensum

321 2837 566 2922 philosophanti
576 2836 601 2877 ²⁷
620 2835 705 2900 sumi
725 2835 829 2917 possit
851 2835 1004 2917 probatio
1027 2835 1116 2918 quod
1138 2837 1204 2900 sint
1228 2838 1317 2901 entia
1339 2847 1373 2900 et
1394 2837 1473 2898 sub-

321 2943 464 3006 stantiae
487 2949 658 3023 separatae
681 2948 716 3002 et
736 2937 991 3021 incorporeae²⁸.
1038 2939 1075 3004 Si
1097 2941 1184 3004 enim
1206 2943 1310 3006 virtus
1331 2950 1365 3004 et
1384 2939 1473 3004 actio

320 3163 374 3218 and
386 3163 479 3218 elastic
492 3162 572 3216 ether
584 3161 732 3230 pervading
746 3161 781 3216 all
793 3177 882 3229 space,
894 3160 974 3216 there
986 3161 1010 3216 is
1021 3179 1058 3215 no
1074 3164 1190 3232 positive
1203 3164 1335 3218 evidence
1346 3163 1392 3216 ior
1402 3177 1473 3216 con·

321 3246 433 3311 necting
445 3244 511 3297 with
523 3243 577 3296 this
590 3244 710 3296 medium
723 3243 770 3296 the
783 3243 956 3312 phenomena
968 3245 1002 3298 of
1009 3247 1181 3312 gravitatio'n.

359 3329 500 3394 Similarly‚
514 3326 593 3380 there
610 3327 632 3380 is
648 3343 685 3380 no
697 3326 828 3380 evidence
840 3334 870 3381 to
883 3327 958 3382 sbew
969 3329 1094 3383 whether
1110 3331 1247 3396 magnetic
1264 3330 1318 3382 and
1335 3327 1476 3382 electrical

322 3414 461 3467 attracrian
473 3410 583 3478 require
595 3409 663 3464 time
672 3407 716 3462 for
728 3409 801 3462 their
812 3411 1008 3476 transmission,
1017 3412 1070 3465 and
1085 3428 1101 3465 a
1113 3413 1233 3466 medium
1243 3413 1272 3465 in
1282 3412 1371 3465 which
1380 3418 1412 3465 to
1420 3417 1476 3465 act-

323 3494 387 3550 The
400 3493 517 3562 velocity
530 3491 562 3545 oi
571 3493 704 3546 conducted
714 3491 866 3563 electricity
879 3493 927 3547 has
943 3495 1014 3548 been
1027 3495 1187 3562 calculated,
1199 3496 1244 3550 ior
1255 3496 1363 3549 various
1375 3495 1477 3560 media,

322 3577 358 3646 by
368 3577 551 3633 Whearstone
564 3576 616 3630 and
631 3577 735 3630 others.
766 3576 818 3630 See
829 3577 944 3630 Ganot’s
957 3577 1077 3648 Physics,
1088 3579 1135 3632 eth
1150 3579 1201 3632 Ed.
1211 3578 1243 3631 of
1252 3579 1372 3645 Transi,
1385 3581 1400 3646 ξ
1413 3593 1476 3642 771.

357 3658 380 3692 ²⁵
399 3661 492 3714 Bacon
504 3660 599 3728 ought,
612 3659 736 3728 perhaps,
749 3665 781 3712 to
792 3659 859 3714 have
876 3676 953 3715 some
970 3661 1059 3716 credit
1077 3661 1121 3715 for
1139 3663 1237 3730 having
1254 3678 1287 3716 so
1304 3661 1347 3715 iar
1365 3661 1477 3715 diviued

323 3743 371 3798 the
384 3744 539 3804 conditions
550 3743 582 3798 oi
593 3743 640 3796 the
652 3743 745 3798 action
757 3741 790 3797 of
798 3743 872 3811 heat,
885 3744 962 3811 light,
974 3746 1027 3799 and
1040 3747 1137 3800 sound.

358 3824 379 3856 Ἦ
399 3827 474 3879 That
499 3828 529 3893 is,
551 3843 620 3879 even
645 3832 676 3879 to
697 3827 745 3880 the
767 3825 882 3880 Natural
904 3826 1093 3897 Philosopher.
1135 3828 1198 3881 The
1220 3844 1296 3882 same
1316 3827 1477 3896 expression

322 3925 429 3975 occurs,
451 3909 506 3964 and
528 3909 540 3960 i
563 3909 642 3962 think
662 3910 690 3964 in
710 3909 759 3964 the
780 3925 855 3964 same
876 3925 963 3978 sense,
983 3912 1011 3964 in
1030 3912 1075 3966 De
1094 3913 1192 3980 Augm.
1210 3913 1245 3966 iv.
1264 3929 1278 3978 3
1297 3912 1332 3966 ad
1350 3911 1411 3964 init.
1430 3909 1479 3980 (E.

324 3994 378 4048 and
391 3995 427 4058 S,
440 3993 493 4045 vol.
507 3992 523 4046 i.
536 4009 562 4060 p.
577 3989 650 4060 605).

359 4074 381 4108 ⁹⁸
398 4076 461 4128 The
475 4075 619 4142 reasoning
634 4075 670 4144 by
682 4075 771 4129 which
785 4075 879 4130 Bacon
897 4077 1000 4131 arrives
1018 4084 1048 4132 at
1065 4078 1119 4131 this
1137 4079 1296 4132 conclusion
1315 4077 1346 4143 is,
1363 4078 1384 4130 it
1402 4083 1478 4131 must

323 4161 359 4213 be
377 4157 529 4224 confessed,
543 4156 575 4212 of
591 4175 606 4212 a
624 4174 689 4227 very
701 4158 814 4213 fanciful
831 4159 982 4228 character,
996 4162 1059 4228 and,
1075 4163 1103 4215 in
1120 4161 1185 4228 fact,
1202 4161 1250 4215 the
1268 4160 1356 4214 whole
1374 4159 1408 4213 oi
1421 4160 1480 4212 this

324 4241 474 4296 discussion
493 4241 515 4293 is
534 4241 647 4296 marked
665 4241 702 4310 by
714 4259 748 4296 an
763 4259 858 4298 excess
871 4243 903 4297 of
917 4245 1039 4313 subtlety
1051 4245 1117 4298 with
1130 4245 1219 4298 which
1231 4261 1273 4298 we
1285 4245 1322 4298 do
1335 4250 1384 4296 not
1396 4243 1478 4296 osten

324 4330 400 4381 meet
412 4325 440 4376 in
454 4323 568 4378 Bacon's
579 4325 709 4392 writings.
745 4327 783 4380 As
796 4331 827 4380 to
837 4327 886 4381 the
898 4328 1055 4382 conclusion
1069 4327 1149 4394 itself,
1162 4329 1183 4382 it
1196 4329 1217 4381 is
1228 4327 1261 4381 oi
1270 4343 1346 4380 some
1359 4329 1479 4394 import-

325 4423 393 4462 ance
412 4423 442 4461 as
458 4406 571 4474 bearing
589 4422 625 4461 on
643 4407 690 4462 the
707 4412 817 4476 quaestio
832 4423 933 4466 vexata
949 4412 981 4465 oi
991 4411 1108 4466 Bacon's
1121 4411 1283 4479 theologica!
1296 4411 1386 4464 views.
1424 4409 1479 4476 Cp.
1593 4419 1594 4438 ¹

326 4490 443 4544 Locke‘s
462 4489 556 4560 Essay,
573 4490 621 4548 bt.
638 4491 673 4546 iv.
685 4491 730 4548 ch.
746 4510 787 4550 10.
801 4495 816 4562 §
833 4511 882 4562 19:
903 4494 976 4550 ‘We
994 4501 1097 4552 cannot
1115 4495 1245 4551 conceive
1263 4494 1327 4549 how
1343 4491 1481 4564 anythiug
