<?xml version="1.0" encoding="UTF-8"?>
<!DOCTYPE html PUBLIC "-//W3C//DTD XHTML 1.0 Transitional//EN"
    "http://www.w3.org/TR/xhtml1/DTD/xhtml1-transitional.dtd">
<html xmlns="http://www.w3.org/1999/xhtml" xml:lang="en" lang="en">
 <head>
  <title>
</title>
<meta http-equiv="Content-Type" content="text/html;charset=utf-8" />
  <meta name='ocr-system' content='tesseract 3.04.00' />
  <meta name='ocr-capabilities' content='ocr_page ocr_carea ocr_par ocr_line ocrx_word'/>
</head>
<body>
  <div class='ocr_page' id='page_1' title='image "./baconsnovumorga01fowlgoog/baconsnovumorga01fowlgoog_0184.png"; bbox 0 0 3308 5106; ppageno 0'>
   <div class='ocr_carea' id='block_1_1' title="bbox 645 437 1347 504">
    <p class='ocr_par' dir='ltr' id='par_1_1' title="bbox 645 437 1347 504">
     <span class='ocr_line' id='line_1_1' title="bbox 645 437 1347 504; baseline 0.003 -2"><span class='ocrx_word' id='word_1_1' title='bbox 645 447 900 503; x_wconf 83' lang='lat' dir='ltr'><em>PRAEFATIO.</em></span> <span class='ocrx_word' id='word_1_2' title='bbox 1288 437 1347 504; x_wconf 83' lang='lat'>161</span> 
     </span>
    </p>
   </div>
   <div class='ocr_carea' id='block_1_2' title="bbox 183 593 1400 4694">
    <p class='ocr_par' dir='ltr' id='par_1_2' title="bbox 186 593 1400 3163">
     <span class='ocr_line' id='line_1_2' title="bbox 193 593 1348 693; baseline 0.003 -21"><span class='ocrx_word' id='word_1_3' title='bbox 193 593 375 673; x_wconf 78' lang='lat' dir='ltr'>mechanici</span> <span class='ocrx_word' id='word_1_4' title='bbox 407 607 487 674; x_wconf 86' lang='lat' dir='ltr'>sacti</span> <span class='ocrx_word' id='word_1_5' title='bbox 519 619 604 688; x_wconf 90' lang='lat' dir='ltr'>sunt,</span> <span class='ocrx_word' id='word_1_6' title='bbox 634 617 746 674; x_wconf 90' lang='lat' dir='ltr'>tamen</span> <span class='ocrx_word' id='word_1_7' title='bbox 776 611 809 673; x_wconf 90' lang='lat' dir='ltr'>in</span> <span class='ocrx_word' id='word_1_8' title='bbox 840 611 912 693; x_wconf 90' lang='lat' dir='ltr'>ipsa</span> <span class='ocrx_word' id='word_1_9' title='bbox 941 609 1146 691; x_wconf 82' lang='lat' dir='ltr'>experientia</span> <span class='ocrx_word' id='word_1_10' title='bbox 1175 611 1348 676; x_wconf 85' lang='lat' dir='ltr'>erraticam</span> 
     </span>
     <span class='ocr_line' id='line_1_3' title="bbox 190 712 1348 796; baseline 0.004 -22"><span class='ocrx_word' id='word_1_11' title='bbox 190 712 362 792; x_wconf 88' lang='lat' dir='ltr'>quandam</span> <span class='ocrx_word' id='word_1_12' title='bbox 385 712 632 794; x_wconf 83' lang='lat' dir='ltr'>inquisitionem</span> <span class='ocrx_word' id='word_1_13' title='bbox 656 723 820 792; x_wconf 83' lang='lat' dir='ltr'>exercent,</span> <span class='ocrx_word' id='word_1_14' title='bbox 845 733 905 778; x_wconf 92' lang='lat' dir='ltr'>nec</span> <span class='ocrx_word' id='word_1_15' title='bbox 931 714 961 778; x_wconf 92' lang='lat' dir='ltr'>ei</span> <span class='ocrx_word' id='word_1_16' title='bbox 984 723 1073 777; x_wconf 89' lang='lat' dir='ltr'>certa</span> <span class='ocrx_word' id='word_1_17' title='bbox 1099 713 1173 796; x_wconf 86' lang='lat' dir='ltr'>lege</span> <span class='ocrx_word' id='word_1_18' title='bbox 1196 715 1348 780; x_wconf 90' lang='lat' dir='ltr'>militant.</span> 
     </span>
     <span class='ocr_line' id='line_1_4' title="bbox 193 813 1348 900; baseline 0.004 -24"><span class='ocrx_word' id='word_1_19' title='bbox 193 813 284 897; x_wconf 87' lang='lat' dir='ltr'>Quin</span> <span class='ocrx_word' id='word_1_20' title='bbox 303 824 337 878; x_wconf 89' lang='lat' dir='ltr'>et</span> <span class='ocrx_word' id='word_1_21' title='bbox 359 814 508 898; x_wconf 86' lang='lat' dir='ltr'>plerique</span> <span class='ocrx_word' id='word_1_22' title='bbox 530 816 650 898; x_wconf 91' lang='lat' dir='ltr'>pusilla</span> <span class='ocrx_word' id='word_1_23' title='bbox 668 817 832 899; x_wconf 86' lang='lat' dir='ltr'>quaedam</span> <span class='ocrx_word' id='word_1_24' title='bbox 855 836 958 900; x_wconf 91' lang='lat' dir='ltr'>pensa</span> <span class='ocrx_word' id='word_1_25' title='bbox 980 816 1042 880; x_wconf 91' lang='lat' dir='ltr'>sibi</span> <span class='ocrx_word' id='word_1_26' title='bbox 1064 837 1272 900; x_wconf 88' lang='lat' dir='ltr'>proposuere,</span> <span class='ocrx_word' id='word_1_27' title='bbox 1287 838 1348 900; x_wconf 93' lang='lat' dir='ltr'>pro</span> 
     </span>
     <span class='ocr_line' id='line_1_5' title="bbox 192 918 1346 1002; baseline 0.004 -23"><span class='ocrx_word' id='word_1_28' title='bbox 192 935 316 998; x_wconf 85' lang='lat' dir='ltr'>magno</span> <span class='ocrx_word' id='word_1_29' title='bbox 339 918 497 982; x_wconf 89' lang='lat' dir='ltr'>ducentes</span> <span class='ocrx_word' id='word_1_30' title='bbox 520 920 547 981; x_wconf 93' lang='lat' dir='ltr'>si</span> <span class='ocrx_word' id='word_1_31' title='bbox 574 940 677 982; x_wconf 91' lang='lat' dir='ltr'>unum</span> <span class='ocrx_word' id='word_1_32' title='bbox 700 919 834 1002; x_wconf 88' lang='lat' dir='ltr'>aliquod</span> <span class='ocrx_word' id='word_1_33' title='bbox 862 921 1031 982; x_wconf 89' lang='lat' dir='ltr'>inventum</span> <span class='ocrx_word' id='word_1_34' title='bbox 1059 939 1171 984; x_wconf 91' lang='lat' dir='ltr'>eruere</span> <span class='ocrx_word' id='word_1_35' title='bbox 1197 921 1346 1002; x_wconf 78' lang='lat' dir='ltr'>possint3</span> 
     </span>
     <span class='ocr_line' id='line_1_6' title="bbox 191 1022 1347 1107; baseline 0.004 -24"><span class='ocrx_word' id='word_1_36' title='bbox 191 1022 344 1084; x_wconf 90' lang='lat' dir='ltr'>instituto</span> <span class='ocrx_word' id='word_1_37' title='bbox 367 1040 433 1085; x_wconf 92' lang='lat' dir='ltr'>non</span> <span class='ocrx_word' id='word_1_38' title='bbox 459 1023 567 1086; x_wconf 89' lang='lat' dir='ltr'>minus</span> <span class='ocrx_word' id='word_1_39' title='bbox 592 1025 693 1102; x_wconf 90' lang='lat' dir='ltr'>tenui,</span> <span class='ocrx_word' id='word_1_40' title='bbox 710 1043 811 1107; x_wconf 90' lang='lat' dir='ltr'>quam</span> <span class='ocrx_word' id='word_1_41' title='bbox 838 1023 1000 1105; x_wconf 90' lang='lat' dir='ltr'>imperito.</span> <span class='ocrx_word' id='word_1_42' title='bbox 1056 1023 1167 1094; x_wconf 86' lang='lat' dir='ltr'>Nemo</span> <span class='ocrx_word' id='word_1_43' title='bbox 1190 1025 1279 1088; x_wconf 88' lang='lat' dir='ltr'>enirn</span> <span class='ocrx_word' id='word_1_44' title='bbox 1301 1024 1347 1088; x_wconf 90' lang='lat' dir='ltr'>rei</span> 
     </span>
     <span class='ocr_line' id='line_1_7' title="bbox 190 1122 1347 1210; baseline 0.003 -23"><span class='ocrx_word' id='word_1_45' title='bbox 190 1122 331 1204; x_wconf 91' lang='lat' dir='ltr'>alicujus</span> <span class='ocrx_word' id='word_1_46' title='bbox 354 1134 506 1189; x_wconf 92' lang='lat' dir='ltr'>naturam</span> <span class='ocrx_word' id='word_1_47' title='bbox 529 1127 563 1190; x_wconf 89' lang='lat' dir='ltr'>in</span> <span class='ocrx_word' id='word_1_48' title='bbox 586 1127 658 1210; x_wconf 91' lang='lat' dir='ltr'>ipsa</span> <span class='ocrx_word' id='word_1_49' title='bbox 680 1148 715 1191; x_wconf 90' lang='lat' dir='ltr'>re</span> <span class='ocrx_word' id='word_1_50' title='bbox 737 1136 825 1191; x_wconf 89' lang='lat' dir='ltr'>recte</span> <span class='ocrx_word' id='word_1_51' title='bbox 846 1136 904 1190; x_wconf 93' lang='lat' dir='ltr'>aut</span> <span class='ocrx_word' id='word_1_52' title='bbox 925 1125 1085 1190; x_wconf 82' lang='lat' dir='ltr'>foeliciter</span> <span class='ocrx_word' id='word_1_53' title='bbox 1106 1136 1347 1208; x_wconf 61' lang='lat' dir='ltr'>perscrutatum</span> 
     </span>
     <span class='ocr_line' id='line_1_8' title="bbox 190 1229 1400 1313; baseline 0.005 -23"><span class='ocrx_word' id='word_1_54' title='bbox 190 1247 306 1292; x_wconf 89' lang='lat' dir='ltr'>verum</span> <span class='ocrx_word' id='word_1_55' title='bbox 325 1239 401 1310; x_wconf 92' lang='lat' dir='ltr'>post</span> <span class='ocrx_word' id='word_1_56' title='bbox 421 1229 620 1294; x_wconf 88' lang='lat' dir='ltr'>laboriosam</span> <span class='ocrx_word' id='word_1_57' title='bbox 639 1231 941 1313; x_wconf 88' lang='lat' dir='ltr'>experimentorum</span> <span class='ocrx_word' id='word_1_58' title='bbox 962 1230 1178 1293; x_wconf 90' lang='lat' dir='ltr'>variationem</span> <span class='ocrx_word' id='word_1_59' title='bbox 1202 1249 1267 1292; x_wconf 90' lang='lat' dir='ltr'>non</span> <span class='ocrx_word' id='word_1_60' title='bbox 1291 1250 1347 1294; x_wconf 87' lang='lat' dir='ltr'>ac·</span> <span class='ocrx_word' id='word_1_61' title='bbox 1397 1289 1400 1296; x_wconf 91' lang='grc'>.</span> 
     </span>
     <span class='ocr_line' id='line_1_9' title="bbox 190 1331 1345 1418; baseline 0.003 -26"><span class='ocrx_word' id='word_1_62' title='bbox 190 1331 341 1412; x_wconf 89' lang='lat' dir='ltr'>quiescit,</span> <span class='ocrx_word' id='word_1_63' title='bbox 370 1333 430 1397; x_wconf 91' lang='lat' dir='ltr'>sed</span> <span class='ocrx_word' id='word_1_64' title='bbox 464 1334 589 1398; x_wconf 91' lang='lat' dir='ltr'>invenit</span> <span class='ocrx_word' id='word_1_65' title='bbox 619 1335 708 1418; x_wconf 93' lang='lat' dir='ltr'>quod</span> <span class='ocrx_word' id='word_1_66' title='bbox 742 1332 878 1399; x_wconf 90' lang='lat' dir='ltr'>ulterius</span> <span class='ocrx_word' id='word_1_67' title='bbox 910 1341 1056 1416; x_wconf 90' lang='lat' dir='ltr'>quaerat.</span> <span class='ocrx_word' id='word_1_68' title='bbox 1112 1333 1231 1414; x_wconf 92' lang='lat' dir='ltr'>Neque</span> <span class='ocrx_word' id='word_1_69' title='bbox 1264 1333 1345 1396; x_wconf 92' lang='lat' dir='ltr'>illud</span> 
     </span>
     <span class='ocr_line' id='line_1_10' title="bbox 190 1433 1347 1519; baseline 0.004 -24"><span class='ocrx_word' id='word_1_70' title='bbox 190 1433 354 1515; x_wconf 90' lang='lat' dir='ltr'>imprimis</span> <span class='ocrx_word' id='word_1_71' title='bbox 372 1436 593 1500; x_wconf 89' lang='lat' dir='ltr'>omittendum</span> <span class='ocrx_word' id='word_1_72' title='bbox 612 1447 671 1515; x_wconf 89' lang='lat' dir='ltr'>est,</span> <span class='ocrx_word' id='word_1_73' title='bbox 689 1438 779 1519; x_wconf 89' lang='lat' dir='ltr'>quod</span> <span class='ocrx_word' id='word_1_74' title='bbox 794 1437 901 1501; x_wconf 90' lang='lat' dir='ltr'>omnis</span> <span class='ocrx_word' id='word_1_75' title='bbox 917 1436 949 1498; x_wconf 92' lang='lat' dir='ltr'>in</span> <span class='ocrx_word' id='word_1_76' title='bbox 968 1434 1170 1516; x_wconf 88' lang='lat' dir='ltr'>experiendo</span> <span class='ocrx_word' id='word_1_77' title='bbox 1186 1435 1347 1500; x_wconf 87' lang='lat' dir='ltr'>industria</span> 
     </span>
     <span class='ocr_line' id='line_1_11' title="bbox 190 1537 1345 1622; baseline 0.002 -23"><span class='ocrx_word' id='word_1_78' title='bbox 190 1537 306 1600; x_wconf 88' lang='lat' dir='ltr'>statim</span> <span class='ocrx_word' id='word_1_79' title='bbox 336 1538 380 1600; x_wconf 91' lang='lat' dir='ltr'>ab</span> <span class='ocrx_word' id='word_1_80' title='bbox 410 1539 504 1602; x_wconf 91' lang='lat' dir='ltr'>initio</span> <span class='ocrx_word' id='word_1_81' title='bbox 534 1559 635 1622; x_wconf 86' lang='lat' dir='ltr'>opera</span> <span class='ocrx_word' id='word_1_82' title='bbox 667 1540 832 1622; x_wconf 85' lang='lat' dir='ltr'>quaedam</span> <span class='ocrx_word' id='word_1_83' title='bbox 866 1539 1031 1602; x_wconf 87' lang='lat' dir='ltr'>destinata</span> <span class='ocrx_word' id='word_1_84' title='bbox 1062 1556 1281 1619; x_wconf 92' lang='lat' dir='ltr'>praepropero</span> <span class='ocrx_word' id='word_1_85' title='bbox 1312 1547 1345 1602; x_wconf 90' lang='lat' dir='ltr'>et</span> 
     </span>
     <span class='ocr_line' id='line_1_12' title="bbox 189 1638 1344 1727; baseline 0.002 -26"><span class='ocrx_word' id='word_1_86' title='bbox 189 1639 425 1724; x_wconf 88' lang='lat' dir='ltr'>intempestivo</span> <span class='ocrx_word' id='word_1_87' title='bbox 441 1643 551 1706; x_wconf 90' lang='lat' dir='ltr'>studio</span> <span class='ocrx_word' id='word_1_88' title='bbox 565 1643 711 1726; x_wconf 86' lang='lat' dir='ltr'>captavit</span> <span class='ocrx_word' id='word_1_89' title='bbox 725 1667 734 1721; x_wconf 88' lang='lat'>;</span> <span class='ocrx_word' id='word_1_90' title='bbox 754 1642 919 1707; x_wconf 86' lang='lat' dir='ltr'>fructifera</span> <span class='ocrx_word' id='word_1_91' title='bbox 930 1638 1095 1727; x_wconf 82' lang='lat' dir='ltr'>(inquam)</span> <span class='ocrx_word' id='word_1_92' title='bbox 1107 1640 1344 1721; x_wconf 86' lang='lat' dir='ltr'>experimenta,</span> 
     </span>
     <span class='ocr_line' id='line_1_13' title="bbox 190 1742 1345 1827; baseline 0 -22"><span class='ocrx_word' id='word_1_93' title='bbox 190 1761 258 1805; x_wconf 92' lang='lat' dir='ltr'>non</span> <span class='ocrx_word' id='word_1_94' title='bbox 278 1742 420 1818; x_wconf 84' lang='lat' dir='ltr'>lucifera,</span> <span class='ocrx_word' id='word_1_95' title='bbox 436 1746 620 1827; x_wconf 86' lang='lat' dir='ltr'>quaesivit3</span> <span class='ocrx_word' id='word_1_96' title='bbox 644 1765 704 1810; x_wconf 93' lang='lat' dir='ltr'>nec</span> <span class='ocrx_word' id='word_1_97' title='bbox 727 1746 875 1810; x_wconf 88' lang='lat' dir='ltr'>ordinem</span> <span class='ocrx_word' id='word_1_98' title='bbox 895 1744 1043 1807; x_wconf 92' lang='lat' dir='ltr'>divinum</span> <span class='ocrx_word' id='word_1_99' title='bbox 1061 1743 1189 1805; x_wconf 91' lang='lat' dir='ltr'>imitata</span> <span class='ocrx_word' id='word_1_100' title='bbox 1211 1751 1269 1820; x_wconf 89' lang='lat' dir='ltr'>est,</span> <span class='ocrx_word' id='word_1_101' title='bbox 1287 1743 1345 1825; x_wconf 92' lang='lat' dir='ltr'>qui</span> 
     </span>
     <span class='ocr_line' id='line_1_14' title="bbox 189 1845 1344 1932; baseline 0.003 -25"><span class='ocrx_word' id='word_1_102' title='bbox 189 1846 299 1928; x_wconf 91' lang='lat' dir='ltr'>primo</span> <span class='ocrx_word' id='word_1_103' title='bbox 322 1847 377 1910; x_wconf 95' lang='lat' dir='ltr'>die</span> <span class='ocrx_word' id='word_1_104' title='bbox 398 1845 505 1911; x_wconf 90' lang='lat' dir='ltr'>lucem</span> <span class='ocrx_word' id='word_1_105' title='bbox 524 1857 655 1913; x_wconf 90' lang='lat' dir='ltr'>tanturn</span> <span class='ocrx_word' id='word_1_106' title='bbox 677 1849 807 1927; x_wconf 90' lang='lat' dir='ltr'>creavit,</span> <span class='ocrx_word' id='word_1_107' title='bbox 826 1849 921 1932; x_wconf 90' lang='lat' dir='ltr'>eique</span> <span class='ocrx_word' id='word_1_108' title='bbox 943 1867 1045 1910; x_wconf 91' lang='lat' dir='ltr'>unum</span> <span class='ocrx_word' id='word_1_109' title='bbox 1067 1846 1156 1910; x_wconf 89' lang='lat' dir='ltr'>diem</span> <span class='ocrx_word' id='word_1_110' title='bbox 1179 1845 1344 1927; x_wconf 87' lang='lat' dir='ltr'>integrum</span> 
     </span>
     <span class='ocr_line' id='line_1_15' title="bbox 188 1949 1344 2036; baseline 0.003 -25"><span class='ocrx_word' id='word_1_111' title='bbox 188 1949 361 2028; x_wconf 90' lang='lat' dir='ltr'>attribuit;</span> <span class='ocrx_word' id='word_1_112' title='bbox 385 1969 493 2033; x_wconf 91' lang='lat' dir='ltr'>neque</span> <span class='ocrx_word' id='word_1_113' title='bbox 510 1952 567 2017; x_wconf 96' lang='lat' dir='ltr'>illo</span> <span class='ocrx_word' id='word_1_114' title='bbox 585 1953 639 2016; x_wconf 90' lang='lat' dir='ltr'>die</span> <span class='ocrx_word' id='word_1_115' title='bbox 661 1954 837 2036; x_wconf 89' lang='lat' dir='ltr'>quicquam</span> <span class='ocrx_word' id='word_1_116' title='bbox 861 1952 1024 2016; x_wconf 88' lang='lat' dir='ltr'>materiati</span> <span class='ocrx_word' id='word_1_117' title='bbox 1045 1951 1155 2032; x_wconf 90' lang='lat' dir='ltr'>operis</span> <span class='ocrx_word' id='word_1_118' title='bbox 1177 1951 1344 2032; x_wconf 90' lang='lat' dir='ltr'>produxit,</span> 
     </span>
     <span class='ocr_line' id='line_1_16' title="bbox 188 2037 1344 2136; baseline 0.001 -22"><span class='ocrx_word' id='word_1_119' title='bbox 188 2071 305 2115; x_wconf 91' lang='lat' dir='ltr'>verum</span> <span class='ocrx_word' id='word_1_120' title='bbox 328 2056 542 2136; x_wconf 90' lang='lat' dir='ltr'>sequentibus</span> <span class='ocrx_word' id='word_1_121' title='bbox 564 2057 681 2121; x_wconf 88' lang='lat' dir='ltr'>diebus</span> <span class='ocrx_word' id='word_1_122' title='bbox 703 2057 747 2120; x_wconf 91' lang='lat' dir='ltr'>ad</span> <span class='ocrx_word' id='word_1_123' title='bbox 770 2078 809 2120; x_wconf 90' lang='lat' dir='ltr'>ea</span> <span class='ocrx_word' id='word_1_124' title='bbox 827 2037 1006 2120; x_wconf 78' lang='lat' dir='ltr'>des&#39;cendit.</span> <span class='ocrx_word' id='word_1_125' title='bbox 1051 2054 1101 2118; x_wconf 85' lang='lat' dir='ltr'>At</span> <span class='ocrx_word' id='word_1_126' title='bbox 1122 2055 1178 2136; x_wconf 92' lang='lat' dir='ltr'>qui</span> <span class='ocrx_word' id='word_1_127' title='bbox 1196 2073 1344 2117; x_wconf 88' lang='lat' dir='ltr'>summas</span> 
     </span>
     <span class='ocr_line' id='line_1_17' title="bbox 189 2154 1343 2242; baseline 0.002 -25"><span class='ocrx_word' id='word_1_128' title='bbox 189 2154 384 2219; x_wconf 87' lang='lat' dir='ltr'>dialecticae</span> <span class='ocrx_word' id='word_1_129' title='bbox 413 2166 524 2238; x_wconf 87' lang='lat' dir='ltr'>partes</span> <span class='ocrx_word' id='word_1_130' title='bbox 557 2160 741 2223; x_wconf 91' lang='lat' dir='ltr'>tribuerunt</span> <span class='ocrx_word' id='word_1_131' title='bbox 774 2170 875 2242; x_wconf 89' lang='lat' dir='ltr'>atque</span> <span class='ocrx_word' id='word_1_132' title='bbox 903 2158 980 2223; x_wconf 90' lang='lat' dir='ltr'>inde</span> <span class='ocrx_word' id='word_1_133' title='bbox 1011 2157 1170 2221; x_wconf 89' lang='lat' dir='ltr'>fidissima</span> <span class='ocrx_word' id='word_1_134' title='bbox 1200 2157 1343 2220; x_wconf 89' lang='lat' dir='ltr'>scientiis</span> 
     </span>
     <span class='ocr_line' id='line_1_18' title="bbox 189 2257 1344 2344; baseline 0.004 -25"><span class='ocrx_word' id='word_1_135' title='bbox 189 2257 355 2339; x_wconf 87' lang='lat' dir='ltr'>praesidia</span> <span class='ocrx_word' id='word_1_136' title='bbox 381 2261 563 2342; x_wconf 88' lang='lat' dir='ltr'>comparari</span> <span class='ocrx_word' id='word_1_137' title='bbox 592 2270 757 2344; x_wconf 89' lang='lat' dir='ltr'>putarunt,</span> <span class='ocrx_word' id='word_1_138' title='bbox 784 2260 952 2324; x_wconf 89' lang='lat' dir='ltr'>verissime</span> <span class='ocrx_word' id='word_1_139' title='bbox 981 2269 1015 2324; x_wconf 91' lang='lat' dir='ltr'>et</span> <span class='ocrx_word' id='word_1_140' title='bbox 1041 2261 1167 2341; x_wconf 90' lang='lat' dir='ltr'>optime</span> <span class='ocrx_word' id='word_1_141' title='bbox 1191 2259 1344 2324; x_wconf 88' lang='lat' dir='ltr'>viderunt</span> 
     </span>
     <span class='ocr_line' id='line_1_19' title="bbox 189 2359 1343 2447; baseline 0.003 -26"><span class='ocrx_word' id='word_1_142' title='bbox 189 2359 395 2425; x_wconf 91' lang='lat' dir='ltr'>intellectum</span> <span class='ocrx_word' id='word_1_143' title='bbox 418 2360 599 2427; x_wconf 87' lang='lat' dir='ltr'>humanum</span> <span class='ocrx_word' id='word_1_144' title='bbox 618 2366 679 2428; x_wconf 93' lang='lat' dir='ltr'>sibi</span> <span class='ocrx_word' id='word_1_145' title='bbox 702 2364 897 2447; x_wconf 90' lang='lat' dir='ltr'>permissum</span> <span class='ocrx_word' id='word_1_146' title='bbox 920 2363 1037 2426; x_wconf 89' lang='lat' dir='ltr'>merito</span> <span class='ocrx_word' id='word_1_147' title='bbox 1059 2369 1249 2444; x_wconf 88' lang='lat' dir='ltr'>suspectum</span> <span class='ocrx_word' id='word_1_148' title='bbox 1271 2381 1343 2424; x_wconf 90' lang='lat' dir='ltr'>esse</span> 
     </span>
     <span class='ocr_line' id='line_1_20' title="bbox 189 2462 1342 2541; baseline 0.002 -16"><span class='ocrx_word' id='word_1_149' title='bbox 189 2462 321 2528; x_wconf 89' lang='lat' dir='ltr'>debere.</span> <span class='ocrx_word' id='word_1_150' title='bbox 377 2463 502 2528; x_wconf 91' lang='lat' dir='ltr'>Verum</span> <span class='ocrx_word' id='word_1_151' title='bbox 530 2466 689 2530; x_wconf 88' lang='lat' dir='ltr'>infirmior</span> <span class='ocrx_word' id='word_1_152' title='bbox 711 2467 846 2530; x_wconf 90' lang='lat' dir='ltr'>omnino</span> <span class='ocrx_word' id='word_1_153' title='bbox 873 2474 924 2530; x_wconf 89' lang='lat' dir='ltr'>est</span> <span class='ocrx_word' id='word_1_154' title='bbox 949 2463 1038 2527; x_wconf 92' lang='lat' dir='ltr'>malo</span> <span class='ocrx_word' id='word_1_155' title='bbox 1065 2464 1246 2541; x_wconf 90' lang='lat' dir='ltr'>medicina;</span> <span class='ocrx_word' id='word_1_156' title='bbox 1281 2482 1342 2527; x_wconf 93' lang='lat' dir='ltr'>nec</span> 
     </span>
     <span class='ocr_line' id='line_1_21' title="bbox 188 2564 1342 2653; baseline 0.003 -27"><span class='ocrx_word' id='word_1_157' title='bbox 188 2564 263 2646; x_wconf 89' lang='lat' dir='ltr'>ipsa</span> <span class='ocrx_word' id='word_1_158' title='bbox 278 2565 356 2628; x_wconf 88' lang='lat' dir='ltr'>mali</span> <span class='ocrx_word' id='word_1_159' title='bbox 372 2587 502 2648; x_wconf 82' lang='lat' dir='ltr'>expers.</span> <span class='ocrx_word' id='word_1_160' title='bbox 547 2567 719 2653; x_wconf 89' lang='lat' dir='ltr'>Siquidem</span> <span class='ocrx_word' id='word_1_161' title='bbox 738 2567 911 2632; x_wconf 90' lang='lat' dir='ltr'>dialectica</span> <span class='ocrx_word' id='word_1_162' title='bbox 929 2587 1014 2649; x_wconf 89' lang='lat' dir='ltr'>quae</span> <span class='ocrx_word' id='word_1_163' title='bbox 1036 2575 1169 2648; x_wconf 89' lang='lat' dir='ltr'>recepta</span> <span class='ocrx_word' id='word_1_164' title='bbox 1190 2575 1249 2643; x_wconf 89' lang='lat' dir='ltr'>est,</span> <span class='ocrx_word' id='word_1_165' title='bbox 1265 2565 1342 2630; x_wconf 90' lang='lat' dir='ltr'>licet</span> 
     </span>
     <span class='ocr_line' id='line_1_22' title="bbox 188 2667 1343 2756; baseline 0.002 -26"><span class='ocrx_word' id='word_1_166' title='bbox 188 2667 232 2730; x_wconf 95' lang='lat' dir='ltr'>ad</span> <span class='ocrx_word' id='word_1_167' title='bbox 256 2667 364 2733; x_wconf 91' lang='lat' dir='ltr'>civilia</span> <span class='ocrx_word' id='word_1_168' title='bbox 386 2679 419 2734; x_wconf 90' lang='lat' dir='ltr'>et</span> <span class='ocrx_word' id='word_1_169' title='bbox 441 2681 529 2736; x_wconf 89' lang='lat' dir='ltr'>artes</span> <span class='ocrx_word' id='word_1_170' title='bbox 547 2693 633 2756; x_wconf 89' lang='lat' dir='ltr'>quae</span> <span class='ocrx_word' id='word_1_171' title='bbox 655 2674 688 2736; x_wconf 90' lang='lat' dir='ltr'>in</span> <span class='ocrx_word' id='word_1_172' title='bbox 711 2692 861 2737; x_wconf 88' lang='lat' dir='ltr'>sermone</span> <span class='ocrx_word' id='word_1_173' title='bbox 883 2681 917 2735; x_wconf 92' lang='lat' dir='ltr'>et</span> <span class='ocrx_word' id='word_1_174' title='bbox 940 2669 1094 2750; x_wconf 91' lang='lat' dir='ltr'>opinione</span> <span class='ocrx_word' id='word_1_175' title='bbox 1114 2670 1243 2750; x_wconf 88' lang='lat' dir='ltr'>positae</span> <span class='ocrx_word' id='word_1_176' title='bbox 1265 2677 1343 2732; x_wconf 90' lang='lat' dir='ltr'>sunt</span> 
     </span>
     <span class='ocr_line' id='line_1_23' title="bbox 189 2771 1342 2856; baseline 0 -22"><span class='ocrx_word' id='word_1_177' title='bbox 189 2771 370 2836; x_wconf 90' lang='lat' dir='ltr'>rectissime</span> <span class='ocrx_word' id='word_1_178' title='bbox 399 2775 603 2856; x_wconf 88' lang='lat' dir='ltr'>adhibeatur,</span> <span class='ocrx_word' id='word_1_179' title='bbox 630 2787 765 2841; x_wconf 88' lang='lat' dir='ltr'>naturae</span> <span class='ocrx_word' id='word_1_180' title='bbox 789 2786 902 2839; x_wconf 91' lang='lat' dir='ltr'>tamen</span> <span class='ocrx_word' id='word_1_181' title='bbox 920 2775 1144 2842; x_wconf 69' lang='lat' dir='ltr'>⁴subtilitatem</span> <span class='ocrx_word' id='word_1_182' title='bbox 1171 2772 1271 2855; x_wconf 86' lang='lat' dir='ltr'>longo</span> <span class='ocrx_word' id='word_1_183' title='bbox 1294 2771 1342 2834; x_wconf 86' lang='lat' dir='ltr'>in-</span> 
     </span>
     <span class='ocr_line' id='line_1_24' title="bbox 188 2875 1341 2964; baseline 0 -26"><span class='ocrx_word' id='word_1_184' title='bbox 188 2875 327 2940; x_wconf 90' lang='lat' dir='ltr'>tervallo</span> <span class='ocrx_word' id='word_1_185' title='bbox 342 2896 409 2940; x_wconf 90' lang='lat' dir='ltr'>non</span> <span class='ocrx_word' id='word_1_186' title='bbox 424 2880 577 2962; x_wconf 82' lang='lat' dir='ltr'>attingit3</span> <span class='ocrx_word' id='word_1_187' title='bbox 601 2892 635 2946; x_wconf 94' lang='lat' dir='ltr'>et</span> <span class='ocrx_word' id='word_1_188' title='bbox 653 2881 838 2964; x_wconf 90' lang='lat' dir='ltr'>prensando</span> <span class='ocrx_word' id='word_1_189' title='bbox 854 2879 942 2962; x_wconf 93' lang='lat' dir='ltr'>quod</span> <span class='ocrx_word' id='word_1_190' title='bbox 965 2897 1030 2942; x_wconf 93' lang='lat' dir='ltr'>non</span> <span class='ocrx_word' id='word_1_191' title='bbox 1046 2877 1144 2959; x_wconf 92' lang='lat' dir='ltr'>capit,</span> <span class='ocrx_word' id='word_1_192' title='bbox 1159 2876 1202 2940; x_wconf 90' lang='lat' dir='ltr'>ad</span> <span class='ocrx_word' id='word_1_193' title='bbox 1218 2895 1341 2939; x_wconf 89' lang='lat' dir='ltr'>errores</span> 
     </span>
     <span class='ocr_line' id='line_1_25' title="bbox 187 2978 1341 3067; baseline 0.002 -27"><span class='ocrx_word' id='word_1_194' title='bbox 187 2979 299 3060; x_wconf 88' lang='lat' dir='ltr'>potius</span> <span class='ocrx_word' id='word_1_195' title='bbox 321 2979 536 3046; x_wconf 92' lang='lat' dir='ltr'>stabiliendos</span> <span class='ocrx_word' id='word_1_196' title='bbox 558 2993 592 3049; x_wconf 90' lang='lat' dir='ltr'>et</span> <span class='ocrx_word' id='word_1_197' title='bbox 614 2985 707 3067; x_wconf 87' lang='lat' dir='ltr'>quasi</span> <span class='ocrx_word' id='word_1_198' title='bbox 733 2982 883 3066; x_wconf 85' lang='lat' dir='ltr'>figendos</span> <span class='ocrx_word' id='word_1_199' title='bbox 908 3001 1010 3065; x_wconf 89' lang='lat' dir='ltr'>quarn</span> <span class='ocrx_word' id='word_1_200' title='bbox 1036 2982 1078 3046; x_wconf 92' lang='lat' dir='ltr'>ad</span> <span class='ocrx_word' id='word_1_201' title='bbox 1101 2979 1189 3044; x_wconf 91' lang='lat' dir='ltr'>viam</span> <span class='ocrx_word' id='word_1_202' title='bbox 1211 2978 1341 3043; x_wconf 88' lang='lat' dir='ltr'>veritati</span> 
     </span>
     <span class='ocr_line' id='line_1_26' title="bbox 186 3082 530 3163; baseline 0.02 -20"><span class='ocrx_word' id='word_1_203' title='bbox 186 3082 401 3163; x_wconf 89' lang='lat' dir='ltr'>aperiendam</span> <span class='ocrx_word' id='word_1_204' title='bbox 419 3083 530 3150; x_wconf 91' lang='lat' dir='ltr'>valuit.</span> 
     </span>
    </p>

    <p class='ocr_par' dir='ltr' id='par_1_3' title="bbox 183 3182 1340 4614">
     <span class='ocr_line' id='line_1_27' title="bbox 232 3182 1340 3270; baseline 0.001 -24"><span class='ocrx_word' id='word_1_205' title='bbox 232 3182 354 3266; x_wconf 84' lang='lat' dir='ltr'>Quare,</span> <span class='ocrx_word' id='word_1_206' title='bbox 372 3194 409 3249; x_wconf 88' lang='lat' dir='ltr'>ut</span> <span class='ocrx_word' id='word_1_207' title='bbox 431 3207 516 3270; x_wconf 92' lang='lat' dir='ltr'>quae</span> <span class='ocrx_word' id='word_1_208' title='bbox 539 3189 628 3252; x_wconf 92' lang='lat' dir='ltr'>dicta</span> <span class='ocrx_word' id='word_1_209' title='bbox 649 3197 726 3253; x_wconf 91' lang='lat' dir='ltr'>sunt</span> <span class='ocrx_word' id='word_1_210' title='bbox 748 3187 1015 3270; x_wconf 87' lang='lat' dir='ltr'>complectamur,</span> <span class='ocrx_word' id='word_1_211' title='bbox 1038 3207 1105 3250; x_wconf 91' lang='lat' dir='ltr'>non</span> <span class='ocrx_word' id='word_1_212' title='bbox 1127 3186 1259 3251; x_wconf 90' lang='lat' dir='ltr'>videtur</span> <span class='ocrx_word' id='word_1_213' title='bbox 1279 3184 1340 3248; x_wconf 91' lang='lat' dir='ltr'>ho-</span> 
     </span>
     <span class='ocr_line' id='line_1_28' title="bbox 188 3286 1340 3372; baseline 0.002 -24"><span class='ocrx_word' id='word_1_214' title='bbox 188 3286 332 3350; x_wconf 90' lang='lat' dir='ltr'>minibus</span> <span class='ocrx_word' id='word_1_215' title='bbox 354 3297 411 3351; x_wconf 91' lang='lat' dir='ltr'>aut</span> <span class='ocrx_word' id='word_1_216' title='bbox 432 3289 540 3353; x_wconf 89' lang='lat' dir='ltr'>aliena</span> <span class='ocrx_word' id='word_1_217' title='bbox 557 3291 640 3354; x_wconf 89' lang='lat' dir='ltr'>fides</span> <span class='ocrx_word' id='word_1_218' title='bbox 662 3301 721 3355; x_wconf 94' lang='lat' dir='ltr'>aut</span> <span class='ocrx_word' id='word_1_219' title='bbox 744 3292 904 3355; x_wconf 88' lang='lat' dir='ltr'>industria</span> <span class='ocrx_word' id='word_1_220' title='bbox 926 3289 1058 3372; x_wconf 92' lang='lat' dir='ltr'>propria</span> <span class='ocrx_word' id='word_1_221' title='bbox 1080 3289 1165 3353; x_wconf 91' lang='lat' dir='ltr'>circa</span> <span class='ocrx_word' id='word_1_222' title='bbox 1187 3288 1340 3353; x_wconf 89' lang='lat' dir='ltr'>scientias</span> 
     </span>
     <span class='ocr_line' id='line_1_29' title="bbox 187 3387 1340 3476; baseline 0.003 -25"><span class='ocrx_word' id='word_1_223' title='bbox 187 3387 348 3453; x_wconf 91' lang='lat' dir='ltr'>hactenus</span> <span class='ocrx_word' id='word_1_224' title='bbox 363 3390 523 3456; x_wconf 83' lang='lat' dir='ltr'>foeliciter</span> <span class='ocrx_word' id='word_1_225' title='bbox 534 3392 702 3471; x_wconf 84' lang='lat' dir='ltr'>illuxisse3</span> <span class='ocrx_word' id='word_1_226' title='bbox 721 3395 913 3476; x_wconf 90' lang='lat' dir='ltr'>praesertim</span> <span class='ocrx_word' id='word_1_227' title='bbox 926 3412 1028 3476; x_wconf 92' lang='lat' dir='ltr'>quum</span> <span class='ocrx_word' id='word_1_228' title='bbox 1041 3401 1074 3456; x_wconf 91' lang='lat' dir='ltr'>et</span> <span class='ocrx_word' id='word_1_229' title='bbox 1090 3391 1123 3454; x_wconf 91' lang='lat' dir='ltr'>in</span> <span class='ocrx_word' id='word_1_230' title='bbox 1135 3393 1340 3455; x_wconf 82' lang='lat' dir='ltr'>demonstra·</span> 
     </span>
     <span class='ocr_line' id='line_1_30' title="bbox 187 3490 1338 3579; baseline 0.003 -25"><span class='ocrx_word' id='word_1_231' title='bbox 187 3490 333 3556; x_wconf 91' lang='lat' dir='ltr'>tionibus</span> <span class='ocrx_word' id='word_1_232' title='bbox 350 3503 385 3558; x_wconf 91' lang='lat' dir='ltr'>et</span> <span class='ocrx_word' id='word_1_233' title='bbox 403 3494 436 3558; x_wconf 90' lang='lat' dir='ltr'>in</span> <span class='ocrx_word' id='word_1_234' title='bbox 453 3495 689 3578; x_wconf 87' lang='lat' dir='ltr'>experimentis</span> <span class='ocrx_word' id='word_1_235' title='bbox 705 3495 813 3560; x_wconf 91' lang='lat' dir='ltr'>adhuc</span> <span class='ocrx_word' id='word_1_236' title='bbox 832 3496 972 3579; x_wconf 86' lang='lat' dir='ltr'>cognitis</span> <span class='ocrx_word' id='word_1_237' title='bbox 987 3515 1104 3577; x_wconf 92' lang='lat' dir='ltr'>parum</span> <span class='ocrx_word' id='word_1_238' title='bbox 1119 3495 1161 3559; x_wconf 93' lang='lat' dir='ltr'>sit</span> <span class='ocrx_word' id='word_1_239' title='bbox 1176 3495 1338 3578; x_wconf 90' lang='lat' dir='ltr'>praesidii.</span> 
     </span>
     <span class='ocr_line' id='line_1_31' title="bbox 186 3591 1339 3679; baseline 0.009 -25"><span class='ocrx_word' id='word_1_240' title='bbox 186 3591 389 3659; x_wconf 87' lang='lat' dir='ltr'>Aedificium</span> <span class='ocrx_word' id='word_1_241' title='bbox 420 3607 532 3660; x_wconf 90' lang='lat' dir='ltr'>autern</span> <span class='ocrx_word' id='word_1_242' title='bbox 565 3595 662 3679; x_wconf 91' lang='lat' dir='ltr'>hujus</span> <span class='ocrx_word' id='word_1_243' title='bbox 696 3599 845 3677; x_wconf 90' lang='lat' dir='ltr'>universi,</span> <span class='ocrx_word' id='word_1_244' title='bbox 872 3608 1034 3664; x_wconf 90' lang='lat' dir='ltr'>structura</span> <span class='ocrx_word' id='word_1_245' title='bbox 1064 3619 1132 3676; x_wconf 92' lang='lat' dir='ltr'>sua,</span> <span class='ocrx_word' id='word_1_246' title='bbox 1159 3598 1339 3664; x_wconf 90' lang='lat' dir='ltr'>intellectui</span> 
     </span>
     <span class='ocr_line' id='line_1_32' title="bbox 185 3695 1338 3786; baseline 0.01 -28"><span class='ocrx_word' id='word_1_247' title='bbox 185 3695 333 3762; x_wconf 90' lang='lat' dir='ltr'>humano</span> <span class='ocrx_word' id='word_1_248' title='bbox 356 3701 604 3782; x_wconf 88' lang='lat' dir='ltr'>contemplanti,</span> <span class='ocrx_word' id='word_1_249' title='bbox 623 3703 725 3767; x_wconf 89' lang='lat' dir='ltr'>instar</span> <span class='ocrx_word' id='word_1_250' title='bbox 746 3702 925 3786; x_wconf 90' lang='lat' dir='ltr'>labyrinthi</span> <span class='ocrx_word' id='word_1_251' title='bbox 944 3711 1014 3780; x_wconf 89' lang='lat' dir='ltr'>est;</span> <span class='ocrx_word' id='word_1_252' title='bbox 1037 3702 1093 3765; x_wconf 92' lang='lat' dir='ltr'>ubi</span> <span class='ocrx_word' id='word_1_253' title='bbox 1113 3710 1163 3766; x_wconf 90' lang='lat' dir='ltr'>tot</span> <span class='ocrx_word' id='word_1_254' title='bbox 1181 3703 1338 3782; x_wconf 85' lang='lat' dir='ltr'>ambigua</span> 
     </span>
     <span class='ocr_line' id='line_1_33' title="bbox 185 3798 1337 3888; baseline 0.004 -27"><span class='ocrx_word' id='word_1_255' title='bbox 185 3798 321 3879; x_wconf 90' lang='lat' dir='ltr'>viarum,</span> <span class='ocrx_word' id='word_1_256' title='bbox 343 3810 414 3866; x_wconf 88' lang='lat' dir='ltr'>tam</span> <span class='ocrx_word' id='word_1_257' title='bbox 444 3803 577 3869; x_wconf 81' lang='lat' dir='ltr'>fallaces</span> <span class='ocrx_word' id='word_1_258' title='bbox 607 3825 714 3867; x_wconf 93' lang='lat' dir='ltr'>rerum</span> <span class='ocrx_word' id='word_1_259' title='bbox 747 3814 780 3868; x_wconf 90' lang='lat' dir='ltr'>et</span> <span class='ocrx_word' id='word_1_260' title='bbox 811 3806 979 3888; x_wconf 86' lang='lat' dir='ltr'>signorum</span> <span class='ocrx_word' id='word_1_261' title='bbox 1006 3803 1244 3881; x_wconf 90' lang='lat' dir='ltr'>similitudines,</span> <span class='ocrx_word' id='word_1_262' title='bbox 1267 3813 1337 3866; x_wconf 93' lang='lat' dir='ltr'>tam</span> 
     </span>
     <span class='ocr_line' id='line_1_34' title="bbox 185 3901 1339 3989; baseline 0.005 -25"><span class='ocrx_word' id='word_1_263' title='bbox 185 3901 341 3985; x_wconf 88' lang='lat' dir='ltr'>obliquae</span> <span class='ocrx_word' id='word_1_264' title='bbox 354 3915 389 3970; x_wconf 91' lang='lat' dir='ltr'>et</span> <span class='ocrx_word' id='word_1_265' title='bbox 406 3905 573 3988; x_wconf 88' lang='lat' dir='ltr'>implexae</span> <span class='ocrx_word' id='word_1_266' title='bbox 588 3915 777 3971; x_wconf 89' lang='lat' dir='ltr'>naturarum</span> <span class='ocrx_word' id='word_1_267' title='bbox 793 3909 900 3989; x_wconf 90' lang='lat' dir='ltr'>spirae</span> <span class='ocrx_word' id='word_1_268' title='bbox 916 3915 949 3970; x_wconf 91' lang='lat' dir='ltr'>et</span> <span class='ocrx_word' id='word_1_269' title='bbox 964 3906 1051 3984; x_wconf 90' lang='lat' dir='ltr'>nodi,</span> <span class='ocrx_word' id='word_1_270' title='bbox 1066 3907 1287 3987; x_wconf 90' lang='lat' dir='ltr'>undequaque</span> <span class='ocrx_word' id='word_1_271' title='bbox 1302 3927 1339 3970; x_wconf 91' lang='lat' dir='ltr'>se</span> 
     </span>
     <span class='ocr_line' id='line_1_35' title="bbox 185 4007 1337 4090; baseline 0.006 -23"><span class='ocrx_word' id='word_1_272' title='bbox 185 4007 374 4074; x_wconf 89' lang='lat' dir='ltr'>ostendunt.</span> <span class='ocrx_word' id='word_1_273' title='bbox 423 4010 492 4074; x_wconf 90' lang='lat' dir='ltr'>Iter</span> <span class='ocrx_word' id='word_1_274' title='bbox 512 4021 626 4076; x_wconf 89' lang='lat' dir='ltr'>autem</span> <span class='ocrx_word' id='word_1_275' title='bbox 649 4011 711 4075; x_wconf 92' lang='lat' dir='ltr'>sub</span> <span class='ocrx_word' id='word_1_276' title='bbox 734 4011 859 4074; x_wconf 89' lang='lat' dir='ltr'>incerto</span> <span class='ocrx_word' id='word_1_277' title='bbox 880 4029 995 4072; x_wconf 89' lang='lat' dir='ltr'>sensus</span> <span class='ocrx_word' id='word_1_278' title='bbox 1018 4008 1149 4090; x_wconf 90' lang='lat' dir='ltr'>lumine,</span> <span class='ocrx_word' id='word_1_279' title='bbox 1171 4008 1337 4074; x_wconf 89' lang='lat' dir='ltr'>interdum</span> 
     </span>
     <span class='ocr_line' id='line_1_36' title="bbox 185 4107 1336 4195; baseline 0.003 -25"><span class='ocrx_word' id='word_1_280' title='bbox 185 4107 375 4191; x_wconf 79' lang='lat' dir='ltr'>affulgente,</span> <span class='ocrx_word' id='word_1_281' title='bbox 403 4113 569 4177; x_wconf 91' lang='lat' dir='ltr'>interdum</span> <span class='ocrx_word' id='word_1_282' title='bbox 593 4133 629 4178; x_wconf 91' lang='lat' dir='ltr'>se</span> <span class='ocrx_word' id='word_1_283' title='bbox 650 4114 822 4191; x_wconf 89' lang='lat' dir='ltr'>condente,</span> <span class='ocrx_word' id='word_1_284' title='bbox 845 4133 904 4195; x_wconf 91' lang='lat' dir='ltr'>per</span> <span class='ocrx_word' id='word_1_285' title='bbox 925 4111 1151 4193; x_wconf 89' lang='lat' dir='ltr'>experientiae</span> <span class='ocrx_word' id='word_1_286' title='bbox 1174 4120 1208 4176; x_wconf 91' lang='lat' dir='ltr'>et</span> <span class='ocrx_word' id='word_1_287' title='bbox 1230 4132 1336 4175; x_wconf 88' lang='lat' dir='ltr'>rerum</span> 
     </span>
     <span class='ocr_line' id='line_1_37' title="bbox 184 4211 1337 4300; baseline 0.003 -25"><span class='ocrx_word' id='word_1_288' title='bbox 184 4211 430 4292; x_wconf 85' lang='lat' dir='ltr'>particularium</span> <span class='ocrx_word' id='word_1_289' title='bbox 457 4216 568 4300; x_wconf 90' lang='lat' dir='ltr'>sylvas</span> <span class='ocrx_word' id='word_1_290' title='bbox 597 4225 756 4298; x_wconf 89' lang='lat' dir='ltr'>perpetuo</span> <span class='ocrx_word' id='word_1_291' title='bbox 785 4214 972 4280; x_wconf 89' lang='lat' dir='ltr'>faciendum</span> <span class='ocrx_word' id='word_1_292' title='bbox 1002 4223 1063 4278; x_wconf 92' lang='lat' dir='ltr'>est.</span> <span class='ocrx_word' id='word_1_293' title='bbox 1120 4213 1337 4297; x_wconf 84' lang='lat' dir='ltr'>Quinetiam</span> 
     </span>
     <span class='ocr_line' id='line_1_38' title="bbox 184 4313 1337 4402; baseline 0.005 -27"><span class='ocrx_word' id='word_1_294' title='bbox 184 4313 285 4378; x_wconf 90' lang='lat' dir='ltr'>duces</span> <span class='ocrx_word' id='word_1_295' title='bbox 303 4315 429 4380; x_wconf 89' lang='lat' dir='ltr'>itineris</span> <span class='ocrx_word' id='word_1_296' title='bbox 446 4315 498 4402; x_wconf 85' lang='lat' dir='ltr'>(ut</span> <span class='ocrx_word' id='word_1_297' title='bbox 516 4319 643 4382; x_wconf 92' lang='lat' dir='ltr'>dictum</span> <span class='ocrx_word' id='word_1_298' title='bbox 661 4315 726 4401; x_wconf 88' lang='lat' dir='ltr'>est)</span> <span class='ocrx_word' id='word_1_299' title='bbox 744 4319 801 4400; x_wconf 88' lang='lat' dir='ltr'>qui</span> <span class='ocrx_word' id='word_1_300' title='bbox 819 4337 855 4381; x_wconf 91' lang='lat' dir='ltr'>se</span> <span class='ocrx_word' id='word_1_301' title='bbox 869 4317 1018 4396; x_wconf 82' lang='lat' dir='ltr'>offerunt,</span> <span class='ocrx_word' id='word_1_302' title='bbox 1034 4324 1067 4380; x_wconf 91' lang='lat' dir='ltr'>et</span> <span class='ocrx_word' id='word_1_303' title='bbox 1086 4316 1147 4398; x_wconf 90' lang='lat' dir='ltr'>ipsi</span> <span class='ocrx_word' id='word_1_304' title='bbox 1166 4317 1337 4400; x_wconf 89' lang='lat' dir='ltr'>implican-</span> 
     </span>
     <span class='ocr_line' id='line_1_39' title="bbox 183 4422 1336 4504; baseline 0.003 -23"><span class='ocrx_word' id='word_1_305' title='bbox 183 4425 244 4497; x_wconf 90' lang='lat' dir='ltr'>tur,</span> <span class='ocrx_word' id='word_1_306' title='bbox 262 4427 366 4501; x_wconf 88' lang='lat' dir='ltr'>atque</span> <span class='ocrx_word' id='word_1_307' title='bbox 388 4441 534 4485; x_wconf 88' lang='lat' dir='ltr'>errorum</span> <span class='ocrx_word' id='word_1_308' title='bbox 556 4432 590 4486; x_wconf 90' lang='lat' dir='ltr'>et</span> <span class='ocrx_word' id='word_1_309' title='bbox 608 4422 785 4486; x_wconf 90' lang='lat' dir='ltr'>errantium</span> <span class='ocrx_word' id='word_1_310' title='bbox 809 4441 980 4484; x_wconf 88' lang='lat' dir='ltr'>numerum</span> <span class='ocrx_word' id='word_1_311' title='bbox 1003 4429 1135 4504; x_wconf 85' lang='lat' dir='ltr'>augent.</span> <span class='ocrx_word' id='word_1_312' title='bbox 1180 4422 1220 4484; x_wconf 95' lang='lat' dir='ltr'>In</span> <span class='ocrx_word' id='word_1_313' title='bbox 1239 4422 1336 4486; x_wconf 90' lang='lat' dir='ltr'>rebus</span> 
     </span>
     <span class='ocr_line' id='line_1_40' title="bbox 183 4523 1338 4614; baseline 0.001 -28"><span class='ocrx_word' id='word_1_314' title='bbox 183 4529 254 4592; x_wconf 81' lang='lat' dir='ltr'>tam</span> <span class='ocrx_word' id='word_1_315' title='bbox 281 4523 381 4604; x_wconf 86' lang='lat' dir='ltr'>duris,</span> <span class='ocrx_word' id='word_1_316' title='bbox 402 4525 445 4590; x_wconf 91' lang='lat' dir='ltr'>de</span> <span class='ocrx_word' id='word_1_317' title='bbox 463 4525 589 4612; x_wconf 91' lang='lat' dir='ltr'>judicio</span> <span class='ocrx_word' id='word_1_318' title='bbox 610 4526 781 4590; x_wconf 91' lang='lat' dir='ltr'>hominum</span> <span class='ocrx_word' id='word_1_319' title='bbox 805 4545 849 4588; x_wconf 94' lang='lat' dir='ltr'>ex</span> <span class='ocrx_word' id='word_1_320' title='bbox 870 4527 902 4590; x_wconf 96' lang='lat' dir='ltr'>vi</span> <span class='ocrx_word' id='word_1_321' title='bbox 925 4526 1064 4610; x_wconf 89' lang='lat' dir='ltr'>propria,</span> <span class='ocrx_word' id='word_1_322' title='bbox 1085 4533 1143 4591; x_wconf 91' lang='lat' dir='ltr'>aut</span> <span class='ocrx_word' id='word_1_323' title='bbox 1165 4527 1265 4591; x_wconf 88' lang='lat' dir='ltr'>etiam</span> <span class='ocrx_word' id='word_1_324' title='bbox 1293 4526 1338 4614; x_wconf 75' lang='lat' dir='ltr'>de</span> 
     </span>
    </p>

    <p class='ocr_par' dir='ltr' id='par_1_4' title="bbox 744 4641 774 4694">
     <span class='ocr_line' id='line_1_41' title="bbox 744 4641 774 4694; baseline 0 0"><span class='ocrx_word' id='word_1_325' title='bbox 744 4641 774 4694; x_wconf 85' lang='grc' dir='ltr'><strong>Μ</strong></span> 
     </span>
    </p>
   </div>
   <div class='ocr_carea' id='block_1_3' title="bbox 0 0 1658 5106">
    <p class='ocr_par' dir='ltr' id='par_1_5' title="bbox 0 0 1658 5106">
     <span class='ocr_line' id='line_1_42' title="bbox 0 0 1658 5106; baseline 0 3"><span class='ocrx_word' id='word_1_326' title='bbox 0 0 1658 5106; x_wconf 95' lang='lat' dir='ltr'> </span> 
     </span>
    </p>
   </div>
  </div>
 </body>
</html>
