3306 5102
681 449 762 504 LIB.
786 450 828 504 ΙΙ.
856 459 906 506 12.
1306 458 1369 528 373

243 627 477 681 udan-etwas.
526 613 686 697 Liquores
707 611 788 700 (sive
808 637 915 698 aquae
936 623 1095 680 vocentur
1117 615 1184 679 sive
1206 612 1293 700 olea)
1315 614 1371 696 qui

218 713 343 780 habent
370 737 524 800 magnam
551 729 585 781 et
610 720 773 782 intensam
800 721 1013 783 acrimoniam
1037 729 1246 803 exequuntur
1271 739 1371 800 opera

219 820 335 882 caloris
357 821 390 882 in
411 821 595 884 divulsione
614 842 797 904 corporum,
812 832 912 905 atque
934 824 1108 887 adustione
1130 833 1207 906 post
1226 823 1372 904 aliquam

218 943 365 1000 moram;
389 925 447 988 sed
468 933 581 988 tamen
600 925 643 988 ad
666 927 774 1006 ipsum
795 935 923 989 tactum
945 947 1062 991 manus
1085 948 1150 990 non
1173 936 1250 990 sunt
1273 925 1371 989 calidi

217 1025 260 1088 ab
280 1027 380 1092 initio.
426 1028 616 1111 Operantur
638 1039 750 1092 autem
773 1031 955 1093 secundum
979 1031 1167 1114 analogiam
1177 1029 1204 1066 ‘²²
1223 1039 1256 1094 et
1276 1049 1374 1112 poros

219 1132 363 1212 corporis
393 1133 445 1196 cui
475 1134 710 1214 adjunguntur.
760 1133 861 1214 Aqua
893 1133 980 1195 enirn
1011 1135 1097 1216 regis
1124 1155 1240 1198 aurum
1267 1132 1375 1210 solvit,

219 1244 394 1315 argentum
425 1237 580 1316 minime;
614 1246 650 1299 at
681 1245 795 1299 contra
824 1256 912 1317 aqua
941 1235 1033 1299 fortis
1059 1247 1235 1321 argentum
1265 1237 1373 1309 solvit,

219 1358 337 1402 aurum
368 1340 522 1419 minime;
555 1349 708 1402 neutrum
735 1349 846 1403 autem
875 1340 973 1403 solvit
998 1342 1130 1405 vitrum.
1186 1343 1232 1405 Et
1259 1343 1305 1406 sic
1332 1342 1375 1404 de

221 1444 368 1506 caeteris.

245 1563 280 1603 Ad
290 1571 341 1612 24¹·¹²
351 1571 391 1616 29⁸·
439 1549 514 1612 Fiat
530 1550 796 1631 experimentum
815 1548 947 1631 spiritus
962 1549 1029 1612 vini
1045 1550 1078 1612 in
1094 1550 1201 1632 lignis,
1220 1570 1258 1613 ac
1275 1550 1376 1612 etiam

222 1649 255 1711 in
282 1651 404 1734 butyro
430 1663 487 1716 aut
514 1673 589 1716 cera
616 1663 674 1716 aut
697 1654 790 1736 pice;
818 1654 845 1715 si
866 1653 948 1716 forte
971 1673 1030 1735 per
1052 1653 1194 1716 calorem
1218 1673 1322 1728 suum,
1338 1653 1379 1714 ea'

221 1754 427 1836 aliquatenus
443 1756 632 1838 liquefaciat
642 1756 679 1819 ²³.
726 1757 863 1821 Etenim
880 1758 1036 1820 instantia
1053 1766 1109 1836 24⁸
1122 1758 1268 1821 ostendit
1284 1763 1378 1838 pote-

222 1867 343 1921 statem
371 1859 441 1940 ejus
467 1861 664 1924 imitativam
691 1859 808 1926 caloris
835 1862 867 1923 in
899 1861 1200 1924 incrustationibus.
1258 1861 1378 1942 Itaque

223 1961 280 2026 fiat
303 1963 453 2026 similiter
480 1967 747 2046 experimentum
775 1966 809 2026 in
836 1964 1132 2046 liquefactionibus.
1178 1963 1252 2026 Fiat
1277 1965 1377 2026 etiam

224 2067 487 2147 experimentum
504 2089 563 2150 per
579 2070 700 2132 vitrum
721 2069 884 2151 graduum
906 2071 973 2131 slve
995 2067 1170 2131 calendare
1191 2068 1279 2150 quod
1301 2087 1379 2131 con·
1447 2091 1449 2096 ·

224 2188 340 2232 cavum
367 2172 410 2234 sit
436 2172 469 2234 in
493 2173 685 2236 summitate
709 2192 769 2235 sua
792 2193 851 2253 per
874 2173 1040 2250 exterius;
1069 2181 1102 2234 et
1126 2173 1324 2235 immittatur
1346 2171 1378 2232 in

224 2272 305 2336 illud
331 2293 512 2338 concavum
539 2276 685 2338 exterius
708 2277 843 2356 spiritus
867 2275 934 2337 vini
960 2276 1046 2338 bene
1069 2273 1275 2348 rectificatus,
1299 2293 1375 2338 cum

223 2379 387 2457 opercula
404 2387 440 2441 ut
456 2379 571 2442 melius
587 2379 753 2442 contineat
772 2378 915 2441 calorem
932 2398 1027 2441 suum
1041 2399 1048 2456 ;
1071 2386 1104 2440 et
1120 2387 1253 2441 notetur
1269 2385 1378 2438 utrum

224 2501 284 2562 per
298 2481 439 2545 calorem
455 2503 551 2545 suum
567 2481 667 2545 faciat
683 2502 805 2563 aquarn
824 2479 1075 2544 descendere²⁴.

249 2598 343 2649 uda¹¹¹²
353 2607 393 2651 ³0·-
440 2583 613 2662 Aromata,
626 2595 659 2648 et
675 2585 797 2649 herbae
812 2605 904 2649 acres
919 2585 961 2647 ad
978 2582 1139 2665 palatum,
1153 2583 1258 2646 multo
1276 2582 1381 2664 magis

225 2697 379 2769 sumptae
405 2688 549 2763 interius,
573 2690 798 2771 percipiuntur
824 2688 942 2752 calida.
987 2687 1179 2750 Videndum
1208 2687 1321 2768 itaque
1348 2685 1381 2748 in

226 2792 344 2873 quibus
367 2792 440 2856 aliis
462 2794 608 2856 materiis
631 2801 840 2874 exequantur
863 2811 963 2876 opera
990 2790 1116 2854 caloris.
1160 2788 1278 2871 Atque
1300 2788 1382 2852 refe·

225 2905 301 2958 runt
321 2906 451 2975 nautae,
467 2918 541 2962 cum
565 2896 687 2961 cumuli
711 2907 744 2960 et
768 2916 897 2959 massae
920 2903 1107 2958 aromatum
1130 2895 1186 2958 diu
1207 2892 1381 2956 conclusae

225 2998 334 3062 subito
349 3001 547 3082 aperiuntur,
562 3001 743 3083 periculum
760 3001 882 3063 instare
898 2999 970 3076 illis,
985 2999 1041 3080 qui
1057 3019 1112 3061 eas
1129 2997 1236 3079 primo
1252 2996 1381 3078 agitant

225 3113 259 3166 et
282 3104 469 3183 extrahunt,
485 3127 505 3168 a
525 3104 669 3168 febribus
693 3115 727 3168 et
750 3103 1067 3168 inflammationibus
1089 3101 1232 3183 spiritus.
1269 3091 1380 3164 'Simi-

225 3207 300 3271 liter
326 3208 394 3271 fieri
421 3209 543 3290 poterit
573 3209 847 3292 experimentum,
875 3218 984 3272 utrum
1013 3206 1165 3288 pulveres
1191 3204 1380 3286 hujusmodi

225 3322 411 3376 aromatum
438 3322 497 3376 aut
520 3312 696 3376 herbarum
721 3333 787 3376 non
814 3311 994 3376 arefaciant
1019 3308 1162 3373 laridum
1188 3319 1221 3373 et
1248 3328 1380 3373 carnem

226 3437 422 3498 suspensam
437 3437 535 3498 super
551 3419 648 3499 ipsos
663 3417 765 3480 veluti
782 3417 891 3480 fumus
907 3416 1001 3499 ignis.

249 3535 284 3576 m
294 3537 344 3578 νόω
354 3543 395 3587 ³1⁸-
441 3519 634 3584 Acrimonia
650 3522 719 3584 sive
735 3521 919 3603 penetratio
936 3521 1020 3583 inest
1037 3529 1106 3583 tarn
1123 3519 1257 3601 frigidis,
1269 3518 1380 3600 qualia

225 3633 302 3686 sunt
316 3633 447 3687 acetum
463 3634 497 3687 et
512 3624 622 3688 oleum
637 3625 767 3702 vitrioli‚
782 3645 883 3706 quam
905 3623 1032 3698 calidis,
1048 3623 1159 3704 qualia
1175 3631 1252 3684 sunt
1268 3619 1379 3682 oleum

259 3801 281 3834 ²⁵
301 3804 327 3857 lt
340 3805 361 3857 is
374 3809 423 3857 not
436 3819 498 3871 easy
511 3808 542 3857 to
555 3820 601 3857 see
614 3804 661 3855 the
675 3808 756 3855 exact
768 3802 896 3866 meaning
908 3800 940 3853 of
950 3801 1003 3852 this
1016 3800 1174 3867 expression
1186 3798 1263 3852 here.
1301 3797 1379 3850 Does

223 3887 245 3940 it
258 3902 337 3940 mean
352 3888 464 3956 vaguely
477 3889 485 3916 ⁴
492 3886 640 3952 according
652 3901 681 3938 as
694 3885 759 3954 they
770 3901 817 3938 are
830 3884 934 3936 related
947 3890 977 3937 to
990 3884 1038 3935 the
1052 3883 1159 3951 objects
1171 3889 1201 3934 to
1212 3880 1300 3935 which
1313 3880 1379 3949 they

224 3985 271 4022 are
284 3970 425 4038 applied’?

258 4051 280 4083 ²³
299 4055 411 4122 ‘Spirits
427 4053 460 4107 of
475 4054 546 4107 wine
558 4052 611 4106 will
624 4051 740 4105 dissolve
753 4066 813 4104 wax
832 4050 887 4103 aud
904 4049 989 4118 pitch,
1002 4049 1052 4102 but
1065 4055 1115 4102 not
1127 4046 1209 4101 wood
1222 4064 1255 4100 or
1266 4047 1380 4100 butter.’

223 4136 280 4190 Mr.
294 4136 432 4190 Kitchiu’s
444 4143 521 4191 note.
1198 4125 1200 4130 ’

256 4217 279 4250 ⁹⁴
298 4220 361 4274 The
374 4226 472 4275 nature
485 4219 516 4274 of
531 4219 585 4273 this
597 4219 770 4287 experiment
782 4217 836 4271 will
854 4217 890 4270 be
908 4216 989 4269 made
1001 4215 1076 4269 clear
1093 4214 1130 4283 by
1141 4212 1296 4279 consulting
1310 4212 1378 4267 lust.

222 4309 254 4370 38
268 4304 300 4357 of
310 4305 357 4358 the
370 4311 437 4358 next
450 4304 605 4372 Aphorism.
644 4303 708 4355 The
721 4308 808 4355 water
820 4300 873 4354 will
888 4299 1009 4354 descend
1021 4298 1112 4364 owing
1125 4303 1155 4350 to
1168 4297 1216 4350 the
1229 4296 1378 4363 expansion

219 4387 252 4441 of
266 4387 314 4440 the
330 4388 421 4456 spirits
436 4387 469 4440 of
481 4389 560 4441 wine.
598 4387 662 4440 The
679 4387 868 4454 ernployment
887 4383 920 4437 of
934 4383 1031 4450 Spirits
1047 4381 1079 4434 of
1096 4381 1180 4433 Wiue
1198 4381 1225 4432 in
1243 4379 1291 4432 the
1308 4395 1376 4432 con-

218 4473 354 4525 struction
367 4471 399 4524 of
413 4471 625 4527 thermometers
638 4487 693 4524 was
706 4468 899 4522 intermediate
917 4467 1045 4520 between
1064 4465 1125 4518 that
1142 4463 1174 4517 of
1186 4464 1227 4516 air
1243 4463 1297 4517 and
1314 4462 1375 4515 that

220 4555 253 4610 of
263 4571 399 4626 mercury.
