3220 5102
363 414 429 499 49⁶
742 423 899 480 novum
918 423 1136 484 ornamur.

365 590 473 654 adhuc
493 610 560 653 non
582 588 667 653 bene
688 591 867 653 mensurari
886 588 1075 669 consuevit;
1098 591 1156 653 sed
1175 599 1286 653 tamen
1303 589 1443 673 postulat
1455 591 1491 654 in·

364 696 496 778 quisitio
513 705 649 758 naturae
665 703 701 757 ut
719 694 781 758 hoc
797 694 855 757 fiat
871 695 903 756 in
919 694 1084 776 aliquibus
1093 695 1131 757 ⁶⁵.

407 797 457 886 (6)
482 801 625 866 Sextum
658 809 769 864 autem
801 820 913 882 genus,
944 800 1000 863 ubi
1029 800 1209 882 impeditur
1236 820 1351 864 sensus
1381 811 1493 882 propter

365 903 574 968 nobilitatem
590 903 720 986 objecti,
735 904 848 985 recipit
862 902 1106 981 deductionem,
1120 903 1173 967 vel
1195 924 1254 985 per
1269 903 1492 984 elongationem

365 1008 523 1089 majorem
546 1007 667 1089 objecti
691 1027 711 1070 a
738 1027 856 1080 sensu3
886 1007 939 1070 vel
962 1027 1021 1090 per
1042 1006 1288 1070 hebetationem
1312 1005 1430 1087 objecti
1448 1027 1493 1087 per

364 1111 649 1193 interpositionem
687 1111 786 1174 medii
820 1109 905 1186 talis,
936 1110 1026 1192 quod
1058 1110 1227 1192 objectum
1256 1109 1414 1182 debilitet
1441 1130 1492 1174 non

363 1216 523 1279 annihilet
535 1215 581 1295 66;
604 1215 655 1279 vel
676 1236 735 1297 per
754 1214 990 1278 admissionem
1008 1224 1042 1279 et
1065 1215 1298 1298 exceptionem
1318 1213 1436 1295 objecti
1456 1235 1494 1276 re

364 1318 452 1398 flexi,
477 1319 532 1382 ubi
559 1319 724 1401 percussio
750 1319 874 1382 directa
900 1319 942 1382 sit
967 1319 1063 1381 nimis
1089 1318 1190 1398 fortis,
1212 1327 1249 1382 ut
1269 1317 1350 1381 solis
1372 1318 1403 1380 in
1424 1318 1493 1399 pehi

362 1444 478 1506 aquae.

406 1527 455 1616 (7)
480 1529 667 1613 Septimum
683 1538 795 1593 autem
811 1549 914 1610 genus
930 1527 1122 1606 latitantiae,
1135 1528 1190 1592 ubi
1206 1549 1321 1592 sensus
1338 1527 1384 1591 ita
1398 1547 1493 1590 onera-

363 1645 417 1699 tur
436 1635 567 1717 objecto
589 1644 626 1698 ut
647 1655 752 1698 novae
772 1634 963 1696 admissioni
985 1654 1050 1697 non
1072 1633 1115 1697 sit
1130 1633 1229 1710 locus,
1244 1652 1311 1695 non
1329 1630 1428 1695 habet
1441 1631 1494 1694 lere

363 1739 472 1803 locum
495 1739 555 1802 nisi
578 1740 610 1802 in
634 1737 756 1802 olfactu
783 1746 816 1800 et
840 1738 995 1801 odoribus
1004 1737 1047 1816 67;
1078 1759 1138 1801 nec
1162 1738 1205 1800 ad
1230 1737 1264 1800 id
1289 1736 1380 1818 quod
1406 1737 1494 1817 agitur

365 1843 506 1906 multum
531 1842 682 1924 pertinet.
727 1841 839 1924 Quare
862 1841 905 1905 de
928 1840 1181 1904 deductionibus
1202 1840 1443 1904 non-sensibilis
1461 1839 1493 1901 ad

364 1947 526 2024 sensibile,
541 1946 623 2010 haec
639 1946 727 2009 dicta
743 1947 817 2010 sint.

407 2050 617 2132 Quandoque
632 2059 745 2113 tamen
760 2050 916 2114 deductio
936 2049 974 2113 fit
995 2068 1060 2114 non
1075 2048 1118 2112 ad
1139 2069 1269 2113 sensum
1286 2047 1434 2123 hominis,
1448 2046 1492 2110 sed

363 2154 406 2217 ad
423 2174 554 2217 sensum
575 2153 711 2234 alicujus
733 2152 868 2217 alterius
885 2153 1037 2218 animalis
1058 2154 1149 2235 cujus
1167 2173 1280 2217 sensus
1300 2154 1335 2216 in
1351 2151 1493 2234 aliquibus

361 2256 543 2321 humanum
556 2257 716 2322 excellet:
738 2266 774 2320 ut
790 2256 1021 2320 nonnullorum
1036 2257 1183 2332 odorum,
1194 2258 1237 2321 ad
1253 2276 1387 2320 sensum
1402 2253 1491 2328 oanis3

363 2361 454 2440 lucis,
468 2381 555 2444 quae
570 2361 603 2422 in
618 2367 693 2423 ae're
713 2381 780 2424 non
800 2360 1003 2425 extrinsecus
1024 2358 1208 2423 illuminato
1228 2359 1372 2423 latenter
1391 2357 1492 2430 existit,

362 2467 405 2529 ad
423 2485 555 2529 sensum
567 2464 648 2541 felis,
658 2475 811 2540 noctuae,
822 2473 855 2528 et
870 2463 1061 2546 hujusmodi
1073 2463 1264 2527 animalium
1278 2483 1366 2546 quae
1378 2469 1492 2530 cernunt

363 2580 472 2634 noctu.
528 2570 633 2633 Recte
664 2570 751 2633 enim
778 2570 906 2634 notavit
932 2566 1128 2645 Telesiusll,
1153 2569 1254 2633 etiam
1280 2569 1313 2632 in
1338 2573 1412 2631 a'e're
1436 2565 1491 2646 ipso

398 2773 420 2806 ⁸⁶
439 2774 509 2828 This
521 2775 569 2828 has
582 2791 644 2828 now
656 2774 727 2828 been
745 2774 863 2828 effected
880 2774 907 2827 in
923 2773 971 2827 the
984 2789 1045 2827 case
1058 2773 1090 2827 of
1104 2773 1179 2840 light,
1192 2772 1288 2836 sound,
1301 2772 1351 2826 the
1364 2771 1459 2824 motion
1470 2766 1493 2820 ol

362 2860 527 2931 projectiles,
540 2858 701 2927 electricity,
715 2859 765 2912 &a
802 2858 923 2926 Perhaps
939 2859 987 2912 the
1003 2863 1076 2912 most
1093 2856 1268 2924 magnificent
1282 2856 1407 2926 example
1419 2853 1447 2907 ol
1454 2853 1489 2906 the

364 2944 527 2999 calculation
541 2943 573 2996 of
588 2943 661 3010 large
674 2943 814 2996 uelocities
831 2942 853 2996 is
869 2948 900 2995 to
916 2941 951 2994 be
964 2941 1049 2995 found
1066 2943 1094 2994 in
1107 2941 1155 2994 the
1168 2939 1276 2994 caseos
1290 2939 1340 2994 the
1352 2940 1459 3004 velocity
1469 2933 1491 2986 ol

361 3028 438 3094 light,
448 3027 537 3080 which
548 3043 603 3082 was
613 3025 760 3095 computed
773 3042 809 3079 on
820 3025 1008 3079 observations
1021 3025 1054 3078 of
1062 3025 1110 3079 the
1122 3025 1237 3094 eclipses
1248 3023 1280 3078 of
1287 3024 1415 3094 Jupiter’s
1425 3019 1488 3074 satel-

363 3109 424 3163 lites
434 3109 487 3162 and
500 3109 652 3162 confirmed
662 3110 698 3178 by
707 3108 846 3178 Bradley’s
855 3108 997 3178 discovery
1006 3108 1038 3162 ol
1047 3109 1095 3161 the
1105 3109 1261 3162 aberration
1272 3108 1305 3162 of
1313 3109 1392 3177 light.
1421 3107 1489 3159 lure·

364 3199 429 3246 cent
441 3191 531 3256 times,
546 3191 646 3245 Fizeau
659 3192 713 3246 and
728 3192 749 3244 F
751 3193 860 3246 oucault
874 3192 941 3246 have
954 3192 1097 3246 measured
1110 3194 1132 3245 it
1144 3191 1182 3261 by
1194 3191 1283 3244 direct
1296 3192 1474 3262 experimenta

397 3273 419 3306 ⁶⁶
438 3275 502 3328 The
515 3291 562 3328 use
575 3273 608 3328 of
617 3277 724 3343 ground
737 3292 771 3329 or
782 3277 913 3331 coloured
925 3277 994 3344 glass
1005 3277 1097 3332 would
1109 3275 1196 3330 afford
1207 3293 1243 3330 an
1255 3277 1379 3330 instance
1391 3273 1422 3328 ol
1433 3271 1487 3324 what

361 3359 455 3413 Bacon
468 3375 570 3412 means.

398 3440 419 3473 ⁸⁷
439 3443 534 3512 Surely
546 3443 600 3496 this
614 3443 663 3497 isa
675 3444 767 3499 defect
784 3462 914 3500 common
928 3451 960 3500 to
973 3445 1008 3500 all
1023 3446 1072 3501 the
1084 3461 1185 3500 senses.
1222 3447 1274 3500 See
1286 3446 1357 3516 Aph.
1371 3463 1402 3512 43
1414 3443 1444 3498 ad
1454 3439 1487 3493 fin.

362 3528 418 3580 We
427 3526 505 3581 often
519 3534 621 3581 cannot
634 3528 734 3598 clearly
745 3530 905 3597 distinguish
914 3529 1022 3598 objects
1034 3531 1062 3585 ln
1071 3530 1119 3584 the
1131 3531 1204 3598 glare
1214 3529 1246 3584 of
1254 3530 1303 3584 the
1315 3547 1382 3599 sun;
1399 3544 1429 3582 or
1438 3527 1488 3578 hear

361 3611 470 3680 munds,
483 3610 563 3665 while
580 3611 662 3678 being
674 3611 788 3666 whirled
803 3613 883 3680 along
895 3615 922 3667 in
934 3631 951 3668 a
963 3615 1049 3668 coaeh
1062 3630 1095 3668 or
1106 3631 1123 3667 a
1135 3614 1244 3682 railway
1255 3615 1393 3681 carriage;
1410 3627 1438 3664 or
1448 3605 1486 3661 letl

359 3695 441 3763 slight
452 3695 603 3749 sensatione
616 3695 648 3748 of
662 3696 756 3762 touch,
768 3696 848 3749 while
863 3695 991 3765 suffering
1007 3703 1085 3765 great
1100 3697 1181 3766 pain;
1199 3715 1232 3750 or
1244 3697 1425 3751 discriminate
1435 3690 1486 3746 dell·

359 3786 421 3834 cate
435 3779 560 3846 flavour-s,
573 3779 653 3832 while
665 3779 765 3847 tasting
780 3779 935 3848 something
948 3798 1015 3851 very
1031 3788 1161 3851 pungent,
1175 3781 1257 3847 acrid‚
1271 3797 1304 3834 or
1319 3780 1439 3833 luscious.
1468 3773 1485 3824 ll

362 3865 383 3916 is
395 3879 412 3917 a
424 3862 600 3916 well-known
613 3860 670 3916 fact
681 3863 742 3916 that
754 3863 802 3917 the
815 3864 892 3917 nicer
903 3864 957 3917 and
974 3881 1051 3918 more
1066 3865 1183 3918 delicate
1199 3865 1351 3918 sensatione
1366 3879 1410 3917 are
1425 3873 1485 3914 orer·

359 3946 488 4016 powered
500 3947 537 4016 by
550 3948 629 4000 those
641 3946 731 4000 which
744 3964 789 4002 are
802 3954 929 4014 stronger
940 3965 973 4002 or
984 3965 1095 4002 coarser
1107 3949 1134 4001 in
1147 3949 1196 4002 the
1208 3964 1283 4002 same
1295 3949 1374 4004 class.

395 4026 417 4060 ⁶⁸
436 4028 500 4082 The
518 4045 628 4098 passage
645 4029 770 4084 referred
782 4037 813 4083 to
826 4031 847 4082 is
861 4031 909 4084 the
921 4030 1078 4099 following:
1098 4031 1225 4085 ‘Nullum
1238 4047 1331 4100 porro,
1344 4047 1395 4085 nec
1406 4027 1484 4088 infirm

359 4127 410 4164 nec
430 4127 557 4182 suprema
577 4112 647 4166 coeli
667 4114 760 4183 portio
784 4113 819 4166 ad
843 4129 893 4167 uos
916 4113 1046 4178 calorem,
1067 4115 1224 4184 nullamque
1248 4116 1377 4168 emittere
1398 4111 1484 4168 ridetur

358 4196 463 4252 lucem:
489 4196 564 4264 quod
586 4196 613 4249 ln
635 4196 715 4264 longe
736 4201 853 4266 utraque
875 4198 1034 4252 tenuissima
1058 4199 1183 4267 perexilis
1209 4199 1279 4252 inest
1304 4199 1386 4264 calor,
1405 4190 1482 4261 etqui

359 4294 412 4332 nec
423 4280 547 4347 proprias
559 4280 639 4347 vires,
652 4297 704 4334 nec
721 4281 860 4350 propriam
878 4282 998 4350 speciem
1015 4283 1139 4337 valenter
1155 4281 1330 4337 manifestare
1342 4285 1428 4351 queat
1457 4275 1483 4327 At

357 4361 392 4414 ab
405 4361 468 4429 ipsis
486 4363 575 4416 lucem
589 4363 727 4432 quandam
745 4380 882 4432 emanare,
899 4373 928 4419 et
940 4381 1020 4434 quae,
1037 4367 1058 4418 si
1078 4383 1134 4420 non
1153 4366 1240 4431 nobis,
1252 4365 1410 4434 quibusdam
1424 4363 1482 4414 certe

357 4444 513 4499 animalium
532 4447 677 4514 generibus
695 4449 871 4516 percipiatur,
884 4465 954 4518 quae
971 4449 1125 4516 longissima
1142 4455 1227 4504 noctu
1244 4449 1392 4503 conficiunt
1407 4445 1482 4498 itinera

360 4526 520 4584 declarant!
557 4530 601 4582 De
622 4531 727 4585 Rerum
745 4531 861 4602 Natura,
873 4533 892 4588 i.
906 4549 930 4601 3.
968 4533 996 4588 lt
1013 4549 1102 4588 seems
1120 4534 1192 4604 plain
1210 4541 1240 4588 to
1258 4550 1313 4604 me,
1331 4531 1427 4602 though
1442 4525 1482 4580 ΜΓ·
