3208 5094
368 396 434 480 564
748 401 906 458 novun
926 401 1145 458 osonum.

370 565 545 630 manifesto
560 563 769 630 dulcedinem
786 565 946 648 majorem
962 563 1129 651 concipit).
1166 565 1292 630 Verum
1308 564 1351 628 ad
1366 563 1491 628 transfor·

371 670 532 734 motiones
550 677 583 733 et
605 668 816 734 alterationes
835 671 1012 734 nobiliores
1034 689 1210 752 corporum
1235 667 1422 732 similarium
1443 689 1490 730 non

370 773 512 836 multum
523 772 635 836 valent
647 773 730 837 istae
740 773 930 852 violentiae;
953 773 1031 856 quia
1043 793 1180 856 corpora
1189 792 1249 854 per
1260 793 1320 834 eas
1332 792 1394 834 non
1406 771 1490 851 acqui-

370 883 446 939 runt
461 877 708 940 consistentiam
720 877 866 959 aliquam
878 897 999 941 novam
1014 885 1222 941 constantem
1237 885 1272 940 et
1289 875 1490 956 quiescentem,

369 980 427 1042 sed
443 980 675 1058 transitoriam,
691 990 724 1044 et
740 981 901 1046 nitentem
916 1001 1047 1063 semper
1060 982 1104 1044 ad
1125 979 1370 1043 restitutionem
1388 986 1419 1039 et
1433 977 1491 1038 libe-

369 1082 530 1146 rationem
543 1083 602 1147 sui.
639 1081 803 1147 Attamen
815 1104 881 1146 non
896 1085 956 1148 abs
972 1105 1006 1147 re
1021 1083 1106 1147 soret
1120 1082 1218 1166 hujus
1233 1083 1281 1146 rei
1297 1081 1401 1145 facere
1415 1101 1490 1161 expe

370 1184 510 1249 rimenta
524 1185 635 1267 aliqua
649 1186 871 1268 diligentiora3
893 1187 937 1251 ad
952 1185 1015 1258 hoc
1031 1187 1162 1264 scilicet,
1177 1195 1292 1250 utrum
1309 1183 1490 1248 condensatio

369 1288 513 1370 corporis
528 1289 615 1352 bene
628 1288 780 1352 similaris
796 1287 921 1374 (qualia
936 1298 1012 1353 sunt
1027 1297 1092 1368 aer,
1107 1310 1202 1371 aqua,
1217 1291 1341 1366 oleum,
1356 1297 1389 1352 et
1406 1285 1490 1367 hujus

370 1388 484 1475 modi),
495 1401 552 1456 aut
564 1392 735 1457 rareiactio
747 1394 897 1457 similiter
907 1413 966 1475 per
975 1393 1167 1457 violentiam
1183 1393 1300 1469 indita,
1311 1390 1431 1474 possint
1441 1388 1490 1450 fien'

370 1503 560 1580 constantes
576 1505 609 1560 et
625 1496 714 1560 fixae
729 1507 763 1561 et
783 1496 875 1579 quasi
899 1505 1047 1560 mutatae
1070 1497 1104 1559 in
1127 1495 1323 1560 naturam⁹³.
1369 1493 1405 1556 Id
1423 1493 1490 1574 quod

370 1598 477 1679 primo
489 1600 727 1682 experiendum
742 1621 801 1683 per
817 1620 943 1664 moram
959 1600 1160 1681 simplicem;
1183 1599 1308 1663 deinde
1324 1617 1382 1682 per
1395 1595 1489 1660 auxilia

371 1710 405 1765 et
417 1723 602 1768 consensus.
639 1701 755 1785 Atque
767 1703 847 1766 illud
858 1704 953 1767 nobis
968 1704 1001 1766 in
1017 1713 1173 1785 promptu
1187 1703 1306 1766 suisset
1321 1700 1363 1786 (si
1375 1698 1488 1762 modoin

371 1813 517 1868 mentem
529 1802 695 1889 venisset),
707 1827 782 1871 cum
797 1827 918 1888 aquarn
936 1803 992 1890 (de
1002 1827 1067 1889 qua
1079 1803 1204 1890 alibi⁹⁴)
1219 1827 1280 1888 per
1295 1801 1489 1868 malleationes

370 1914 403 1969 et
413 1908 574 1986 pressoria
585 1910 867 1987 condensavimus,
880 1920 1058 1993 antequam
1071 1919 1267 1992 erumperet.
1291 1910 1488 1974 Debueramus

370 2009 458 2071 enim
470 2009 642 2090 sphaeram
653 2012 900 2094 complanatam
912 2034 971 2096 per
980 2015 1109 2095 aliquot
1118 2015 1188 2077 dies
1199 2014 1261 2077 sibi
1273 2011 1454 2096 permisisse,
1466 2017 1488 2069 el
1538 2041 1539 2058 ¹

369 2119 441 2173 tum
453 2112 587 2175 demum
600 2133 723 2195 aquam
735 2117 937 2196 extraxisse3
957 2128 994 2182 ut
1010 2117 1102 2181 fieret
1118 2118 1394 2206 experimentum,
1407 2123 1488 2176 utrum
1539 2124 1540 2150 l

369 2213 481 2276 statim
505 2214 681 2297 impletura
703 2217 816 2282 fuisset
839 2219 940 2283 talem
962 2220 1208 2299 dimensionem,
1224 2219 1359 2302 qualem
1376 2215 1487 2280 habebat
1538 2231 1539 2252 ¹

368 2326 448 2380 ante
459 2318 758 2384 condensationem.
783 2319 882 2403 Quod
895 2322 921 2384 si
934 2342 1001 2385 non
1012 2321 1142 2386 fecisset
1151 2331 1209 2386 aut
1225 2323 1350 2400 statim,
1361 2329 1415 2384 aut
1426 2327 1487 2381 certe
1539 2319 1540 2367 l

369 2420 470 2501 paulo
482 2429 566 2501 post,
578 2430 733 2485 constans
741 2423 895 2489 videlicet
906 2424 994 2489 sacta
1003 2425 1106 2488 videri
1118 2427 1279 2507 potuisset
1295 2427 1361 2489 ista
1375 2423 1486 2488 conder·
1538 2421 1539 2436 ¹

369 2523 474 2602 satio;
504 2523 554 2586 sin
578 2524 696 2601 minus,
717 2528 924 2608 apparuisset
944 2528 1067 2592 saetam
1090 2529 1190 2592 fuisse
1213 2529 1486 2600 restitutionem&
1538 2567 1539 2577 r

371 2627 649 2709 compressionem
665 2628 764 2693 fuisse
779 2631 1009 2696 transitoriam.
1047 2631 1159 2696 Etiam
1176 2633 1281 2696 simile
1296 2631 1444 2716 quiddam
1455 2625 1485 2688 ia·

370 2728 523 2793 ciendum
539 2741 610 2795 erat
625 2732 709 2795 circa
726 2735 955 2799 extensionem
970 2734 1053 2799 ae'ris
1068 2735 1102 2798 in
1117 2736 1186 2799 ovis
1201 2737 1353 2801 vitreis⁹⁵.
1384 2729 1486 2796 Etenim
1537 2769 1538 2790 r

370 2832 529 2896 debuerat
547 2833 625 2912 fieri,
641 2843 717 2916 post
738 2837 952 2901 exuctionem
974 2836 1102 2916 fortem,
1117 2838 1226 2902 subita
1248 2847 1282 2902 et
1306 2839 1398 2902 firma
1416 2835 1484 2898 obtu·
1536 2803 1538 2920 Ι

369 2934 467 3012 rati03
492 2934 612 2999 deinde
627 2937 809 3002 debuerant
824 2960 886 3002 ova
902 2939 958 3003 illa
973 2960 1105 3004 manere
1120 2941 1165 3004 ita
1185 2941 1340 3005 obturata
1359 2959 1412 3024 per
1428 2955 1485 2999 non·
1536 2981 1537 2988 κ

369 3037 477 3101 nullos
489 3038 578 3116 dies;
601 3048 635 3103 et
650 3048 721 3103 tum
734 3042 868 3105 demum
885 3044 1123 3125 experiendum
1139 3043 1262 3124 suisset,
1278 3055 1387 3110 utrum
1400 3047 1483 3123 aperto

369 3140 529 3203 foramine
552 3150 712 3208 attractus
734 3143 849 3210 fuisset
870 3153 927 3210 adr
948 3167 1024 3211 cum
1046 3147 1150 3226 sibilo,
1173 3157 1232 3212 aut
1253 3149 1356 3212 etiarn
1377 3150 1483 3210 attracta

369 3242 483 3308 fuisset
499 3254 592 3308 tanta
603 3247 772 3327 quantitas
787 3271 893 3332 aquae
908 3260 985 3333 post
1000 3251 1252 3331 immersionem,
1264 3263 1387 3334 quanta
1400 3249 1483 3311 luisset

369 3347 412 3410 ab
427 3346 530 3423 initio,
547 3348 573 3411 si
589 3348 680 3412 nulla
698 3351 848 3418 adhibita
869 3354 982 3418 luisset
1002 3375 1102 3419 mora
1149 3355 1324 3419 Probabile
1341 3355 1429 3428 enim,
1444 3355 1483 3412 aut

369 3450 488 3516 saltem
508 3452 645 3534 dignum
668 3456 863 3536 probatione
886 3466 945 3537 est,
967 3457 1049 3524 haec
1072 3457 1140 3522 fieri
1163 3461 1310 3541 potuisse
1338 3468 1374 3523 et
1396 3471 1481 3539 possm

369 3565 544 3639 propterea
573 3558 663 3640 quod
693 3560 726 3622 in
763 3563 954 3644 corporibus
990 3562 1091 3646 paulo
1128 3563 1234 3646 magis
1269 3557 1482 3627 dissimilanbus
1533 3567 1534 3570 ’

369 3658 490 3724 similia
517 3661 636 3726 efficiat
662 3683 755 3727 mora
781 3667 948 3748 temporis.
994 3667 1129 3732 Etenim
1154 3666 1310 3731 baculum
1340 3687 1397 3749 per
1421 3677 1482 3726 com·

368 3765 570 3845 pressionem
590 3777 760 3831 curvatum
782 3779 858 3851 post
875 3770 1010 3852 aliquod
1028 3780 1160 3854 tempus
1179 3790 1244 3834 non
1267 3771 1385 3848 resilit;
1405 3781 1481 3844 neque

368 3865 404 3928 id
429 3866 661 3950 imputandum
687 3880 737 3935 est
763 3872 859 3936 alicui
885 3874 1105 3956 deperditioni
1131 3895 1175 3938 ex
1202 3883 1328 3956 quanto
1352 3871 1424 3956 ligni
1444 3883 1482 3950 ρετ

403 4071 424 4104 ⁰⁸
444 4073 517 4129 Both
538 4091 614 4143 gases
634 4079 688 4132 and
709 4079 807 4150 liquids
828 4095 875 4136 are
899 4081 1034 4152 perfectly
1055 4084 1165 4152 elastic;
1189 4084 1250 4138 that
1273 4084 1295 4138 is
1315 4091 1346 4138 to
1366 4099 1416 4152 say,
1432 4075 1480 4132 aner

368 4159 537 4226 undergoing
549 4175 565 4212 a
579 4161 684 4229 change
701 4164 728 4216 in
742 4164 859 4232 volume,
872 4165 938 4236 they
951 4168 1044 4234 regain
1062 4167 1170 4237 exactly
1182 4168 1255 4221 their
1272 4167 1385 4234 original
1396 4163 1479 4220 volume,

368 4239 448 4294 when
462 4241 509 4294 the
521 4242 634 4308 original
647 4261 772 4313 pressure
785 4248 807 4302 is
819 4249 954 4305 restored.
993 4248 1063 4304 This
1075 4249 1132 4304 fact
1147 4250 1196 4304 bas
1212 4251 1283 4306 been
1299 4244 1447 4305 established
1457 4241 1480 4308 bl

366 4339 514 4378 numerous
526 4327 719 4394 experimenta.

401 4405 622 4473 “hssmm

402 4485 424 4518 ⁹⁶
442 4487 470 4542 il.
484 4504 526 4553 45.
