3308 5106
613 417 944 477 INTRODUCTION.
1318 419 1357 492 77

203 593 306 672 vulgus
327 591 481 673 prodenda
502 602 531 654 et
554 610 770 670 nonnunquam
791 592 913 653 fortasse
934 593 1153 652 contradicendi
1174 593 1279 666 studio,
1300 612 1360 671 quo

202 695 332 753 maxima
353 694 412 753 sere
434 701 582 752 tentantur
601 693 729 769 ingenia,
750 710 812 751 non
836 702 896 751 tarn
926 693 997 768 qnid
1030 693 1092 770 ipse
1124 695 1250 766 sentiret,
1272 712 1361 771 quarn

203 804 305 854 contra
324 793 394 870 quid
415 793 487 852 alius
508 791 654 864 sensisset,
670 791 828 851 dicendum
842 801 964 869 putaret
1008 792 1134 852 Plurima
1147 793 1198 853 ille'
1208 802 1293 864 recte,
1309 792 1364 852 sed

203 902 232 951 et
253 892 326 952 alius
346 891 457 969 aliquid
485 909 548 951 non
575 891 661 952 male.
713 889 785 963 Quo
803 891 957 969 justiorem
979 909 1037 966 ego
1058 889 1174 949 veniam
1197 891 1285 951 credo
1306 891 1361 950 illis

205 1009 269 1051 esse
290 1001 436 1069 oportere,
457 991 482 1053 si
503 989 553 1068 qui
574 987 699 1062 fuerunt,
719 991 770 1066 qni
791 1000 935 1066 putarent,
957 1007 1019 1050 non
1040 990 1139 1066 utique
1160 989 1199 1048 illi
1220 999 1362 1066 tanquam

205 1090 329 1168 scopulo
350 1107 561 1166 usquequaque
582 1087 850 1148 adhaerescendum
872 1107 946 1160 esse,
968 1106 1065 1166 neque
1087 1088 1123 1146 de
1145 1088 1204 1147 suis
1226 1088 1363 1165 despera-

206 1199 273 1248 runt
288 1189 432 1266 ingeniis:
455 1206 523 1266 cnm
537 1187 643 1264 ingrati
656 1188 751 1264 possit
766 1197 793 1246 et
806 1187 906 1264 inique
925 1187 962 1247 de
976 1196 1097 1264 parente
1114 1187 1247 1246 omnium
1261 1196 1364 1247 natura

206 1287 399 1348 existimantis
414 1287 511 1358 videri,
526 1285 645 1346 credere
664 1287 759 1362 ipsam
777 1286 879 1344 omnia
896 1304 949 1344 sna
970 1287 1000 1344 in
1021 1303 1082 1344 uno
1104 1286 1153 1344 illo
1173 1297 1257 1363 partu
1271 1287 1364 1347 effun-

208 1387 328 1448 dentem
349 1403 481 1457 mnnera,
503 1385 614 1461 reliqna
634 1384 795 1461 posteritati
817 1383 938 1443 humani
959 1383 1074 1460 generis
1098 1385 1128 1442 in
1149 1402 1239 1444 omne
1260 1403 1364 1445 aevum

212 1472 337 1546 sterilem
359 1484 555 1560 effoetamque
576 1500 695 1542 manere
716 1479 858 1542 voluisse!

249 1581 286 1641 In
307 1582 355 1642 the
376 1582 424 1642 De
446 1582 653 1642 Incertitudine
674 1591 703 1641 et
724 1581 860 1642 Vanitate
883 1581 1075 1640 Scientiarum
1090 1578 1205 1659 (where,
1220 1581 1363 1656 however,

209 1682 231 1742 it
258 1682 283 1740 is
311 1667 360 1741 the
382 1681 517 1742 business
537 1680 573 1740 of
599 1680 647 1740 the
675 1680 779 1740 author
800 1693 831 1740 to
854 1680 914 1739 lind
935 1679 1018 1757 fault)
1041 1679 1188 1738 Henricus
1211 1680 1365 1742 Cornelius

210 1779 343 1858 Agrippa
363 1779 403 1859 (b.
429 1782 516 1852 1486,
536 1779 563 1840 d.
587 1778 686 1857 1535),
703 1779 776 1838 after
797 1779 999 1855 enumerating
1020 1776 1068 1837 the
1090 1777 1196 1853 logical
1216 1778 1312 1838 worlrs
1334 1780 1370 1839 ol

211 1880 358 1953 Aristotle,
382 1878 525 1956 proceeds
545 1879 576 1937 in
597 1878 742 1954 language
765 1878 859 1937 which
884 1877 1014 1935 reminds
1036 1894 1071 1935 us
1096 1877 1132 1935 os
1153 1895 1237 1936 some
1259 1879 1293 1937 of
1318 1879 1366 1938 the

212 1978 388 2054 Aphorisms
405 1977 441 2036 of
455 1976 575 2036 Bacon:
598 1981 690 2052 ‘quae
713 1977 804 2036 secuti
819 1975 1008 2052 Peripatetici,
1024 1975 1183 2052 opinantur
1197 1976 1267 2035 nihil
1281 1989 1366 2050 stare,

213 2085 262 2136 aut
276 2077 341 2136 sciri
355 2095 453 2154 posse,
468 2076 524 2135 nisi
538 2075 619 2152 quod
634 2075 834 2152 syllogizando
854 2076 992 2153 probetur
1006 2093 1057 2150 per
1070 2075 1368 2149 Demonstrationem,

214 2193 279 2235 earn
293 2175 433 2248 videlicet,
446 2193 536 2253 quam
553 2174 684 2250 depingit
697 2173 875 2245 Aristoteles,
891 2172 943 2232 sed
963 2183 1060 2232 tamen
1080 2192 1231 2251 nunquam
1250 2176 1281 2233 in
1295 2175 1368 2252 dog-

215 2275 341 2334 matibus
362 2275 422 2333 suis
443 2273 613 2344 observavit,
629 2290 698 2331 cnm
719 2290 824 2332 omnes
845 2291 915 2331 suae
938 2273 1206 2348 argumentationes
1227 2293 1263 2333 ex
1285 2293 1369 2351 prae·

216 2373 374 2450 suppositis
389 2374 477 2432 abeo
495 2371 683 2444 deducantur,
698 2390 774 2448 quae
795 2373 887 2431 secuti
908 2389 1013 2431 omnes
1034 2372 1080 2430 isti
1100 2372 1286 2431 scientiarum
1305 2373 1369 2450 pol-

216 2472 379 2544 licitatores,
401 2471 542 2530 hactenus
574 2469 669 2529 nullas
701 2480 751 2529 aut
778 2469 970 2547 paucissimas
995 2488 1076 2529 veras
1105 2470 1369 2530 demonstrationes

219 2569 371 2642 dederunt,
386 2569 496 2629 nedum
518 2569 548 2627 in
569 2568 756 2640 naturalibus,
778 2567 830 2626 sed
852 2585 956 2626 omnes
978 2567 1126 2627 deducunt
1147 2567 1209 2626 illas
1230 2587 1266 2627 ex
1287 2587 1370 2645 prae·

218 2669 354 2745 acceptia,
379 2676 428 2728 aut
452 2669 490 2727 ab
519 2685 573 2727 suo
594 2667 750 2727 Aristotele
775 2676 825 2726 aut
853 2665 993 2739 absalio,
1015 2667 1066 2742 qui
1087 2666 1136 2724 illa
1156 2667 1236 2743 prior
1257 2666 1370 2739 dixerit,

218 2784 343 2844 quorum
372 2767 575 2828 authoritatem
604 2776 719 2826 servant
743 2767 797 2826 sibi
818 2784 873 2843 pro
895 2764 1043 2842 principiis
1065 2765 1320 2826 demonstrationis
1329 2767 1370 2826 τ’]

219 2866 270 2926 He
294 2867 365 2926 then
393 2885 467 2942 goes
489 2885 530 2925 on
553 2875 584 2924 to
608 2865 757 2943 complain
785 2865 848 2925 that
868 2865 1031 2924 Aristotle's
1056 2864 1301 2924 demonstratione
1323 2885 1372 2926 are

220 2964 310 3024 either
326 2965 449 3024 circular
467 2983 501 3024 or
521 2963 649 3042 proceed
666 2965 741 3023 from
763 2965 860 3024 occult
877 2964 935 3023 and
955 2963 1105 3022 unknown
1122 2965 1292 3040 properties.
1336 2966 1372 3025 In

220 3064 270 3124 the
290 3064 450 3141 preceding
471 3063 591 3140 chapter
612 3063 671 3138 (De
693 3062 864 3142 Rhetorica)
886 3063 934 3122 the
956 3062 1005 3122 old
1026 3061 1133 3138 charge
1154 3062 1189 3121 of
1207 3064 1327 3142 impiety
1347 3067 1373 3125 is

219 3163 354 3222 renewed
374 3164 489 3240 against
509 3163 558 3223 the
580 3163 793 3234 Aristoteliam,
815 3163 897 3222 while
919 3163 968 3222 the
991 3162 1148 3222 Platonists
1169 3181 1226 3236 are,
1249 3182 1281 3222 as
1303 3166 1373 3224 sub-

221 3263 374 3340 sequently
395 3264 434 3341 by
455 3261 565 3334 Bacon,
588 3262 714 3322 accused
735 3261 770 3321 of
795 3262 1003 3338 superstition:
1030 3260 1084 3320 ‘Et
1105 3261 1154 3338 qui
1176 3261 1324 3322 Aristoteli
1345 3273 1374 3322 et

222 3360 337 3421 Platoni
366 3363 526 3439 impensius
555 3363 681 3434 student,
702 3362 776 3421 fiunt
804 3361 843 3420 illi
873 3361 994 3438 quidem
1023 3361 1223 3437 superstitiosi,
1244 3361 1275 3420 hi
1304 3381 1374 3423 vero

222 3461 323 3540 impii.)
812 3478 816 3486 r

264 3559 431 3620 Ludovicus
454 3557 543 3620 Vives
569 3555 609 3638 (b.
635 3577 723 3634 1492,
747 3559 775 3619 d.
802 3555 894 3636 1540)
917 3577 975 3617 was
1004 3577 1022 3617 a
1050 3557 1197 3634 Spaniard
1224 3559 1262 3636 by
1289 3560 1374 3632 birth,

224 3659 336 3736 though
357 3660 395 3718 he
410 3669 496 3737 spent
510 3659 558 3718 the
573 3669 686 3736 greater
700 3670 763 3736 part
778 3659 813 3717 os
821 3659 866 3719 his
880 3657 928 3717 lile
942 3659 971 3717 in
986 3657 1107 3729 France,
1122 3657 1260 3734 England
1272 3659 1301 3731 ⁷³,
1317 3660 1376 3720 and

225 3758 367 3836 Belgium.
410 3758 447 3817 In
468 3759 513 3817 his
534 3757 616 3818 book
638 3758 756 3817 entitled
772 3757 837 3817 ‘De
853 3756 956 3816 Causis
971 3756 1180 3832 Corruptarum
1194 3757 1323 3815 Artium’
1338 3759 1377 3818 he

225 3855 386 3933 frequently
408 3856 519 3916 alludes
541 3866 572 3915 to
593 3856 738 3916 Aristotle.
783 3854 940 3931 Generally
961 3853 1112 3931 speaking,
1134 3853 1171 3913 he
1192 3855 1285 3914 extols
1306 3855 1377 3929 him,

225 3957 277 4014 but
298 3954 430 4031 enlarges
452 3973 493 4013 on
514 3954 559 4013 his
579 3965 661 4031 great
681 3953 838 4030 obscurity,
854 3953 995 4012 rendered
1015 3952 1070 4011 still
1089 3971 1172 4012 more
1193 3954 1317 4012 obscure
1338 3955 1377 4031 by

226 4052 275 4112 the
296 4052 356 4112 bad
375 4053 467 4112 literal
489 4053 676 4113 translations
697 4053 768 4112 then
789 4053 820 4110 in
834 4069 939 4128 vogue.
981 4050 1031 4110 He
1050 4063 1136 4110 notes
1151 4053 1378 4114 contradictions

259 4224 279 4256 ²²
295 4227 359 4294 Cap.
370 4227 412 4277 vii.
424 4227 465 4276 De
477 4227 625 4278 Dialectica.

259 4305 279 4336 '³
297 4305 339 4356 lle
350 4323 401 4356 was
418 4307 563 4356 nominated
579 4307 613 4372 by
626 4307 687 4366 For,
700 4323 728 4357 as
745 4323 793 4356 one
809 4306 839 4356 ol
847 4306 889 4355 the
907 4305 1012 4371 original
1024 4307 1147 4358 members
1159 4309 1188 4358 ol
1196 4307 1235 4358 his
1246 4325 1300 4360 new
1312 4311 1382 4362 fourr·

227 4383 322 4440 datiorn
339 4385 437 4450 Corpus
455 4383 549 4436 Christi
565 4385 676 4450 College.
695 4385 798 4436 Oxsord.
834 4386 890 4445 But,
910 4385 1001 4449 during
1016 4384 1055 4434 his
1073 4386 1198 4436 residente
1214 4387 1239 4437 in
1256 4389 1380 4454 England,

227 4463 258 4513 be
279 4479 332 4512 was
354 4463 452 4513 thrown
475 4463 528 4514 into
550 4464 635 4536 prison
657 4466 690 4530 by
710 4465 796 4529 Henry
812 4465 885 4524 VIII,
907 4464 945 4515 ior
967 4464 1058 4529 having
1079 4466 1190 4532 opposed
1212 4465 1265 4516 him
1288 4484 1321 4519 ou
1339 4469 1383 4524 the

228 4540 380 4606 questiones
388 4541 431 4594 the
443 4542 560 4594 Divorce.
