3324 5110
323 412 385 496 278
699 420 856 476 NOVUM
876 419 1095 476 ORGANUM.

363 581 533 646 Authores
562 600 640 644 vero
665 579 755 664 quod
785 579 914 656 attinet,
940 599 1089 642 summae
1118 575 1395 660 pusillanimitatis
1424 584 1475 640 est

322 683 515 748 authoribus
541 683 669 748 infinita
693 684 844 761 tribuere,
870 683 1000 746 authori
1026 691 1138 746 autem
1162 680 1346 758 authorum,
1373 688 1474 761 atque

321 790 406 852 adeo
421 787 528 851 omnis
543 785 762 864 authoritatis,
781 785 948 870 Tempori,
963 788 1129 870 jussuum
1148 788 1322 869 denegare.
1368 785 1474 848 Recte

322 893 410 956 enim
425 893 557 955 Veritas
569 891 743 973 Temporis
756 890 822 954 filia
834 892 960 970 dicitur,
976 911 1042 954 non
1057 890 1321 955 Authoritatistt
1357 889 1475 970 Itaque

322 996 440 1059 mirum
465 1015 531 1058 non
556 1003 615 1072 est,
640 994 666 1057 si
694 994 818 1057 fascina
844 995 907 1059 ista
936 995 1143 1075 antiquitatis
1169 1004 1204 1059 et
1232 993 1407 1058 authorum
1439 999 1473 1054 et

321 1118 507 1176 consensus,
534 1096 705 1160 hominum
728 1097 884 1161 virtutem
914 1098 962 1161 ita
991 1097 1173 1179 ligaverint,
1203 1107 1240 1162 ut
1270 1118 1345 1162 cum
1375 1095 1472 1160 rebus

321 1202 400 1286 ipsis
415 1221 627 1266 consuescere
642 1197 817 1284 (tanquam
827 1198 1035 1286 ,maleficiati)
1050 1221 1117 1265 non
1132 1203 1308 1284 potuerint.

804 1377 983 1443 LXXXV.

364 1497 483 1580 Neque
492 1497 599 1561 solum
609 1497 783 1563 admiratio
794 1500 1229 1582 antiquitatis,authoritatis,
1239 1509 1271 1563 et
1282 1520 1469 1574 consensus,

318 1601 491 1666 hominum
507 1603 702 1666 industriam
718 1603 752 1665 in
767 1603 814 1681 iis,
830 1623 915 1685 quae
929 1605 999 1687 jam
1018 1606 1150 1668 inventa
1166 1613 1250 1682 sunt,
1266 1605 1471 1686 acquiescere

319 1707 500 1790 compulit;
530 1727 643 1770 verum
666 1708 766 1770 etiam
788 1727 927 1790 operum
949 1709 1093 1791 ipsorum
1120 1707 1303 1786 admiratio,
1330 1727 1469 1789 quorum

318 1812 413 1894 copia
437 1809 636 1893 jampridem
666 1809 753 1874 sacta
780 1821 830 1875 est
859 1810 1005 1876 humano
1034 1813 1156 1894 generi.
1202 1811 1337 1875 Etenim
1368 1831 1470 1892 quum

318 1915 390 1997 quis
417 1935 524 1979 rerum
547 1914 749 1991 varietatem,
773 1923 807 1977 et
834 1914 1088 1996 pulcherrimum
1115 1924 1312 1998 apparatum
1334 1915 1390 1996 qui
1412 1931 1472 1995 per

316 2028 404 2083 artes
420 2017 627 2081 mechanicas
641 2017 685 2080 ad
701 2016 826 2080 cultum
835 2017 1016 2082 humanum
1028 2029 1202 2102 congestus
1218 2029 1250 2082 et
1265 2017 1469 2082 introductus

317 2133 378 2198 est,
404 2123 508 2186 oculis
532 2121 715 2203 subjecerit,
742 2142 782 2183 eo
807 2131 895 2184 certe
921 2115 1099 2202 inclinabit,
1124 2133 1161 2186 ut
1186 2122 1298 2205 potius
1319 2122 1364 2185 ad
1386 2142 1468 2203 opu·

317 2226 437 2290 lentiae
466 2226 630 2288 humanae
662 2225 922 2303 admirationem,
954 2246 1053 2309 quam
1089 2227 1132 2290 ad
1169 2226 1299 2309 inopiae
1336 2244 1468 2289 sensum

315 2331 473 2407 accedat;
499 2330 635 2392 minime
657 2329 833 2392 advertens
854 2329 1035 2411 primitivas
1057 2330 1199 2394 hominis
1225 2329 1468 2394 observationes

315 2444 417 2516 atque
436 2442 572 2497 naturae
593 2433 800 2515 operationes
823 2430 922 2516 (quae
940 2435 982 2496 ad
1004 2454 1137 2497 omnem
1160 2434 1251 2497 illam
1274 2435 1466 2497 varietatem

316 2540 419 2602 instar
444 2539 573 2602 animae
600 2546 684 2614 sunt,
715 2545 748 2600 et
778 2537 874 2618 primi
906 2534 1030 2622 motus)
1060 2557 1120 2600 nec
1150 2537 1279 2614 multas,
1310 2557 1370 2602 nec
1399 2537 1466 2601 alte

314 2645 437 2725 petitas
468 2662 558 2720 esse;
596 2650 726 2705 caetera
758 2641 801 2704 ad
831 2640 1026 2722 patientiam
1060 2640 1231 2704 hominum
1263 2649 1402 2719 tanturn,
1432 2651 1466 2705 et

314 2746 469 2810 subtilem
496 2755 530 2809 et
558 2745 747 2808 ordinatum
778 2763 894 2806 manus
923 2745 975 2807 vel
1005 2745 1296 2807 instrumentorum
1327 2755 1465 2822 motum,

314 2848 518 2932 pertinere³⁷.
564 2849 631 2911 Res
654 2848 742 2911 enim
768 2843 928 2931 (exempli
950 2846 1070 2932 gratia)
1097 2848 1225 2911 subtilis
1248 2857 1298 2911 est
1320 2859 1408 2912 certe
1431 2859 1465 2913 et

313 2963 465 3017 accurata
487 2951 646 3016 confectio
669 2949 922 3032 horologiorum,
945 2950 1021 3014 talis
1043 2951 1174 3028 scilicet,
1199 2972 1284 3034 quae
1309 2952 1465 3016 coelestia

313 3058 346 3118 in
374 3057 463 3132 rotis,
488 3057 617 3139 pulsum
644 3052 835 3119 animalium
862 3053 894 3116 in
919 3063 1011 3117 motu
1038 3057 1220 3119 successivo
1245 3065 1278 3120 et
1304 3056 1464 3135 ordinato,

312 3161 463 3224 videatur
485 3160 623 3236 imitari3
654 3179 739 3240 quae
761 3167 874 3222 tamen
898 3177 949 3222 res
972 3178 1016 3220 ex
1039 3179 1104 3223 uno
1122 3167 1179 3222 aut
1201 3159 1304 3224 altero
1327 3169 1463 3225 naturae

311 3264 481 3328 axiomate
496 3262 631 3346 pendet.

355 3367 455 3450 Quod
479 3367 505 3430 si
529 3367 602 3448 quis
628 3385 735 3429 rursus
761 3364 977 3429 subtilitatem
1002 3365 1093 3430 illam
1119 3367 1284 3430 intueatur
1309 3388 1394 3450 quae
1419 3369 1462 3432 ad

345 3573 367 3606 ³⁶
386 3577 437 3628 See
459 3573 543 3627 Aulus
562 3572 674 3640 Gellius,
693 3571 799 3625 Noctes
816 3573 935 3642 Atticae,
953 3574 1000 3629 lib.
1018 3575 1064 3631 xii.
1083 3592 1142 3646 cap.
1163 3595 1211 3632 11:
1237 3579 1329 3633 ‘Alius
1350 3579 1462 3648 quidam

308 3665 432 3713 veterum
447 3664 601 3726 poetarum,
613 3654 691 3723 cujus
709 3672 810 3709 nomen
830 3656 896 3709 mihi
915 3674 987 3711 nunc
1006 3661 1157 3714 memoriae
1176 3677 1232 3715 non
1250 3668 1301 3730 est,
1318 3663 1464 3716 veritatem

308 3743 440 3811 temporis
453 3743 535 3794 liliam
548 3757 607 3794 esse
620 3740 706 3794 dixit!
745 3740 756 3792 l
776 3757 821 3794 am
836 3740 967 3795 indebted
982 3741 1027 3796 for
1045 3743 1098 3798 this
1117 3746 1261 3813 quotation
1280 3753 1311 3799 to
1326 3746 1374 3800 the
1395 3745 1464 3800 Rev.

309 3825 341 3881 E.
355 3826 495 3880 Marshall.
534 3826 584 3894 Cp.
597 3824 756 3894 Aeschylus,
770 3824 950 3879 Prometheus
964 3825 1086 3896 Vinctus,
1099 3828 1117 3882 l.
1131 3833 1199 3894 981:

537 3918 612 3976 Ἀλλ’
629 3919 775 3976 ἐκδιδάσκει
793 3919 867 3976 πάνθ’
887 3923 901 3974 ὀ
919 3922 1058 3990 γηράσκων
1075 3925 1177 3996 χρόνος.

342 4013 364 4048 ⁸²
385 4017 417 4070 ln
440 4015 488 4070 the
509 4017 638 4086 Cogitata
659 4022 689 4071 et
711 4017 774 4070 Visa
796 4017 841 4087 (E.
860 4017 914 4070 and
933 4019 969 4084 8.,
988 4020 1040 4074 νοΙ.
1060 4020 1096 4074 lii.
1114 4036 1141 4089 p.
1161 4020 1234 4089 593),
1254 4020 1302 4075 the
1323 4021 1463 4090 following

307 4106 439 4153 sentence
451 4115 549 4154 occurs
562 4100 634 4154 alter
646 4101 693 4154 the
706 4100 797 4153 words
809 4101 931 4154 ‘motum
944 4107 1053 4156 tantum
1065 4103 1204 4171 pertinere
1213 4105 1233 4157 :’
1253 4107 1353 4173 ‘atque
1366 4106 1394 4158 ln
1411 4105 1462 4158 hac

306 4191 385 4251 parte
409 4183 545 4237 officinam
571 4200 634 4238 curn
659 4184 830 4238 Bibliotheca
853 4184 922 4238 mire
944 4201 1106 4254 congruere,
1125 4203 1195 4255 quae
1219 4193 1249 4241 et
1274 4188 1331 4256 ipsa
1355 4193 1462 4241 tantam

307 4265 440 4319 librorum
459 4268 618 4320 varietatem
632 4273 764 4333 ostentet,
778 4268 805 4320 in
818 4268 917 4335 quibus
929 4269 951 4320 si
967 4268 1123 4336 diligentius
1140 4271 1319 4339 introspicias,
1336 4271 1373 4324 nil
1389 4270 1461 4324 aliud

307 4364 391 4418 quarn
403 4348 526 4417 ejusdem
539 4352 579 4404 rei
593 4351 711 4404 infinitas
727 4351 905 4420 repetitiones
922 4352 1050 4421 reperias,
1063 4361 1184 4408 tractatu
1199 4371 1291 4422 novas,
1304 4355 1461 4408 inventione

306 4435 537 4502 praeoccupatas!
575 4435 640 4487 The
658 4434 803 4488 substance
825 4433 858 4487 of
876 4435 930 4488 this
948 4442 1088 4504 sentence,
1107 4438 1211 4505 though
1230 4444 1280 4491 not
1301 4437 1329 4492 in
1347 4455 1378 4492 so
1397 4445 1462 4492 neat

305 4529 321 4566 a
334 4512 415 4582 form,
428 4531 524 4571 occurs
537 4517 565 4570 in
578 4517 626 4571 the
639 4524 705 4570 next
720 4516 869 4588 paragraph
882 4518 932 4572 but
944 4535 997 4574 one
1011 4520 1043 4574 of
1052 4521 1106 4575 this
1119 4521 1276 4590 Aphorism.
