<?xml version="1.0" encoding="UTF-8"?>
<!DOCTYPE html PUBLIC "-//W3C//DTD XHTML 1.0 Transitional//EN"
    "http://www.w3.org/TR/xhtml1/DTD/xhtml1-transitional.dtd">
<html xmlns="http://www.w3.org/1999/xhtml" xml:lang="en" lang="en">
 <head>
  <title>
</title>
<meta http-equiv="Content-Type" content="text/html;charset=utf-8" />
  <meta name='ocr-system' content='tesseract 3.04.00' />
  <meta name='ocr-capabilities' content='ocr_page ocr_carea ocr_par ocr_line ocrx_word'/>
</head>
<body>
  <div class='ocr_page' id='page_1' title='image "./baconsnovumorga01fowlgoog_0297.png"; bbox 0 0 3324 5110; ppageno 0'>
   <div class='ocr_carea' id='block_1_1' title="bbox 322 379 1098 456">
    <p class='ocr_par' dir='ltr' id='par_1_1' title="bbox 322 379 1098 456">
     <span class='ocr_line' id='line_1_1' title="bbox 322 379 1098 456; baseline -0.009 -13"><span class='ocrx_word' id='word_1_1' title='bbox 322 388 388 456; x_wconf 78' lang='lat'>274</span> <span class='ocrx_word' id='word_1_2' title='bbox 702 379 860 436; x_wconf 87' lang='lat' dir='ltr'><em>NOVUM</em></span> <span class='ocrx_word' id='word_1_3' title='bbox 880 379 1098 436; x_wconf 84' lang='lat' dir='ltr'><em>ORGANUM.</em></span> 
     </span>
    </p>
   </div>
   <div class='ocr_carea' id='block_1_2' title="bbox 320 539 1515 3421">
    <p class='ocr_par' dir='ltr' id='par_1_2' title="bbox 320 539 1477 1038">
     <span class='ocr_line' id='line_1_2' title="bbox 320 539 1476 627; baseline -0.003 -19"><span class='ocrx_word' id='word_1_4' title='bbox 320 543 472 627; x_wconf 83' lang='lat' dir='ltr'>accingit,</span> <span class='ocrx_word' id='word_1_5' title='bbox 495 541 602 626; x_wconf 89' lang='lat' dir='ltr'>primo</span> <span class='ocrx_word' id='word_1_6' title='bbox 625 562 711 624; x_wconf 89' lang='lat' dir='ltr'>quae</span> <span class='ocrx_word' id='word_1_7' title='bbox 732 539 775 604; x_wconf 94' lang='lat' dir='ltr'>ab</span> <span class='ocrx_word' id='word_1_8' title='bbox 797 540 870 604; x_wconf 91' lang='lat' dir='ltr'>aliis</span> <span class='ocrx_word' id='word_1_9' title='bbox 894 539 979 604; x_wconf 91' lang='lat' dir='ltr'>circa</span> <span class='ocrx_word' id='word_1_10' title='bbox 998 539 1056 603; x_wconf 92' lang='lat' dir='ltr'>illa</span> <span class='ocrx_word' id='word_1_11' title='bbox 1076 539 1166 604; x_wconf 92' lang='lat' dir='ltr'>dicta</span> <span class='ocrx_word' id='word_1_12' title='bbox 1187 539 1253 604; x_wconf 92' lang='lat' dir='ltr'>sint</span> <span class='ocrx_word' id='word_1_13' title='bbox 1275 539 1419 622; x_wconf 89' lang='lat' dir='ltr'>inquirat</span> <span class='ocrx_word' id='word_1_14' title='bbox 1441 548 1476 605; x_wconf 93' lang='lat' dir='ltr'>et</span> 
     </span>
     <span class='ocr_line' id='line_1_3' title="bbox 322 644 1477 728; baseline -0.003 -17"><span class='ocrx_word' id='word_1_15' title='bbox 322 647 475 726; x_wconf 84' lang='lat' dir='ltr'>evolvat3</span> <span class='ocrx_word' id='word_1_16' title='bbox 513 647 635 711; x_wconf 91' lang='lat' dir='ltr'>deinde</span> <span class='ocrx_word' id='word_1_17' title='bbox 664 645 831 728; x_wconf 85' lang='lat' dir='ltr'>propriam</span> <span class='ocrx_word' id='word_1_18' title='bbox 863 645 1115 708; x_wconf 83' lang='lat' dir='ltr'>meditationem</span> <span class='ocrx_word' id='word_1_19' title='bbox 1144 644 1256 723; x_wconf 90' lang='lat' dir='ltr'>addat,</span> <span class='ocrx_word' id='word_1_20' title='bbox 1286 655 1389 726; x_wconf 90' lang='lat' dir='ltr'>atque</span> <span class='ocrx_word' id='word_1_21' title='bbox 1417 664 1477 726; x_wconf 92' lang='lat' dir='ltr'>per</span> 
     </span>
     <span class='ocr_line' id='line_1_4' title="bbox 322 749 1475 833; baseline -0.001 -19"><span class='ocrx_word' id='word_1_22' title='bbox 322 750 443 814; x_wconf 89' lang='lat' dir='ltr'>mentis</span> <span class='ocrx_word' id='word_1_23' title='bbox 460 750 598 814; x_wconf 89' lang='lat' dir='ltr'>multam</span> <span class='ocrx_word' id='word_1_24' title='bbox 613 750 828 833; x_wconf 84' lang='lat' dir='ltr'>agitationem</span> <span class='ocrx_word' id='word_1_25' title='bbox 843 749 994 830; x_wconf 91' lang='lat' dir='ltr'>spiritum</span> <span class='ocrx_word' id='word_1_26' title='bbox 1010 769 1105 812; x_wconf 91' lang='lat' dir='ltr'>suum</span> <span class='ocrx_word' id='word_1_27' title='bbox 1122 750 1290 831; x_wconf 89' lang='lat' dir='ltr'>proprium</span> <span class='ocrx_word' id='word_1_28' title='bbox 1311 749 1475 826; x_wconf 90' lang='lat' dir='ltr'>sollicitet,</span> 
     </span>
     <span class='ocr_line' id='line_1_5' title="bbox 322 851 1476 937; baseline 0 -19"><span class='ocrx_word' id='word_1_29' title='bbox 322 863 357 918; x_wconf 93' lang='lat' dir='ltr'>et</span> <span class='ocrx_word' id='word_1_30' title='bbox 372 856 465 937; x_wconf 90' lang='lat' dir='ltr'>quasi</span> <span class='ocrx_word' id='word_1_31' title='bbox 481 854 621 929; x_wconf 90' lang='lat' dir='ltr'>invocet,</span> <span class='ocrx_word' id='word_1_32' title='bbox 637 862 675 917; x_wconf 90' lang='lat' dir='ltr'>ut</span> <span class='ocrx_word' id='word_1_33' title='bbox 690 854 751 917; x_wconf 93' lang='lat' dir='ltr'>sibi</span> <span class='ocrx_word' id='word_1_34' title='bbox 766 851 899 917; x_wconf 90' lang='lat' dir='ltr'>oracula</span> <span class='ocrx_word' id='word_1_35' title='bbox 914 853 1061 934; x_wconf 86' lang='lat' dir='ltr'>pandat:</span> <span class='ocrx_word' id='word_1_36' title='bbox 1085 873 1170 934; x_wconf 90' lang='lat' dir='ltr'>quae</span> <span class='ocrx_word' id='word_1_37' title='bbox 1185 874 1236 917; x_wconf 91' lang='lat' dir='ltr'>res</span> <span class='ocrx_word' id='word_1_38' title='bbox 1255 852 1390 918; x_wconf 92' lang='lat' dir='ltr'>omnino</span> <span class='ocrx_word' id='word_1_39' title='bbox 1405 853 1476 918; x_wconf 89' lang='lat' dir='ltr'>sine</span> 
     </span>
     <span class='ocr_line' id='line_1_6' title="bbox 320 955 1250 1038; baseline 0 -17"><span class='ocrx_word' id='word_1_40' title='bbox 320 958 539 1021; x_wconf 81' lang='lat' dir='ltr'>fundamento</span> <span class='ocrx_word' id='word_1_41' title='bbox 555 965 613 1032; x_wconf 90' lang='lat' dir='ltr'>est,</span> <span class='ocrx_word' id='word_1_42' title='bbox 631 965 665 1019; x_wconf 92' lang='lat' dir='ltr'>et</span> <span class='ocrx_word' id='word_1_43' title='bbox 681 956 714 1019; x_wconf 94' lang='lat' dir='ltr'>in</span> <span class='ocrx_word' id='word_1_44' title='bbox 729 955 938 1038; x_wconf 87' lang='lat' dir='ltr'>opinionibus</span> <span class='ocrx_word' id='word_1_45' title='bbox 953 965 1083 1020; x_wconf 89' lang='lat' dir='ltr'>tantum</span> <span class='ocrx_word' id='word_1_46' title='bbox 1099 956 1250 1021; x_wconf 90' lang='lat' dir='ltr'>volvitur.</span> 
     </span>
    </p>

    <p class='ocr_par' dir='ltr' id='par_1_3' title="bbox 320 1057 1515 1970">
     <span class='ocr_line' id='line_1_7' title="bbox 365 1057 1475 1143; baseline -0.002 -19"><span class='ocrx_word' id='word_1_47' title='bbox 365 1061 417 1124; x_wconf 90' lang='lat' dir='ltr'>At</span> <span class='ocrx_word' id='word_1_48' title='bbox 443 1061 525 1124; x_wconf 89' lang='lat' dir='ltr'>alius</span> <span class='ocrx_word' id='word_1_49' title='bbox 552 1060 716 1143; x_wconf 90' lang='lat' dir='ltr'>quispiam</span> <span class='ocrx_word' id='word_1_50' title='bbox 747 1057 955 1123; x_wconf 86' lang='lat' dir='ltr'>dialecticam</span> <span class='ocrx_word' id='word_1_51' title='bbox 985 1059 1028 1122; x_wconf 92' lang='lat' dir='ltr'>ad</span> <span class='ocrx_word' id='word_1_52' title='bbox 1059 1058 1290 1123; x_wconf 91' lang='lat' dir='ltr'>inveniendum</span> <span class='ocrx_word' id='word_1_53' title='bbox 1325 1060 1475 1138; x_wconf 84' lang='lat' dir='ltr'>advocet,</span> 
     </span>
     <span class='ocr_line' id='line_1_8' title="bbox 322 1163 1476 1247; baseline -0.001 -19"><span class='ocrx_word' id='word_1_54' title='bbox 322 1185 408 1247; x_wconf 89' lang='lat' dir='ltr'>quae</span> <span class='ocrx_word' id='word_1_55' title='bbox 430 1165 562 1228; x_wconf 89' lang='lat' dir='ltr'>nomine</span> <span class='ocrx_word' id='word_1_56' title='bbox 584 1175 680 1228; x_wconf 89' lang='lat' dir='ltr'>tenus</span> <span class='ocrx_word' id='word_1_57' title='bbox 702 1172 833 1228; x_wconf 90' lang='lat' dir='ltr'>tantum</span> <span class='ocrx_word' id='word_1_58' title='bbox 855 1164 899 1227; x_wconf 92' lang='lat' dir='ltr'>ad</span> <span class='ocrx_word' id='word_1_59' title='bbox 922 1165 955 1227; x_wconf 95' lang='lat' dir='ltr'>id</span> <span class='ocrx_word' id='word_1_60' title='bbox 978 1164 1068 1246; x_wconf 92' lang='lat' dir='ltr'>quod</span> <span class='ocrx_word' id='word_1_61' title='bbox 1091 1164 1201 1246; x_wconf 84' lang='lat' dir='ltr'>agitur</span> <span class='ocrx_word' id='word_1_62' title='bbox 1221 1164 1374 1247; x_wconf 86' lang='lat' dir='ltr'>pertinet</span> <span class='ocrx_word' id='word_1_63' title='bbox 1420 1163 1476 1227; x_wconf 88' lang='lat' dir='ltr'>In·</span> 
     </span>
     <span class='ocr_line' id='line_1_9' title="bbox 322 1267 1515 1350; baseline -0.002 -19"><span class='ocrx_word' id='word_1_64' title='bbox 322 1268 434 1331; x_wconf 88' lang='lat' dir='ltr'>ventio</span> <span class='ocrx_word' id='word_1_65' title='bbox 457 1267 545 1331; x_wconf 91' lang='lat' dir='ltr'>enirn</span> <span class='ocrx_word' id='word_1_66' title='bbox 569 1267 760 1332; x_wconf 89' lang='lat' dir='ltr'>dialecticae</span> <span class='ocrx_word' id='word_1_67' title='bbox 783 1287 850 1330; x_wconf 92' lang='lat' dir='ltr'>non</span> <span class='ocrx_word' id='word_1_68' title='bbox 877 1276 927 1330; x_wconf 91' lang='lat' dir='ltr'>est</span> <span class='ocrx_word' id='word_1_69' title='bbox 953 1268 1188 1350; x_wconf 87' lang='lat' dir='ltr'>principiorum</span> <span class='ocrx_word' id='word_1_70' title='bbox 1211 1278 1245 1332; x_wconf 90' lang='lat' dir='ltr'>et</span> <span class='ocrx_word' id='word_1_71' title='bbox 1267 1268 1475 1331; x_wconf 88' lang='lat' dir='ltr'>axiomatum</span> <span class='ocrx_word' id='word_1_72' title='bbox 1512 1315 1515 1322; x_wconf 88' lang='lat'>.</span> 
     </span>
     <span class='ocr_line' id='line_1_10' title="bbox 320 1371 1475 1454; baseline -0.001 -20"><span class='ocrx_word' id='word_1_73' title='bbox 320 1372 579 1454; x_wconf 88' lang='lat' dir='ltr'>praecipuorum,</span> <span class='ocrx_word' id='word_1_74' title='bbox 603 1392 647 1434; x_wconf 92' lang='lat' dir='ltr'>ex</span> <span class='ocrx_word' id='word_1_75' title='bbox 677 1371 797 1453; x_wconf 87' lang='lat' dir='ltr'>quibus</span> <span class='ocrx_word' id='word_1_76' title='bbox 827 1379 915 1434; x_wconf 89' lang='lat' dir='ltr'>artes</span> <span class='ocrx_word' id='word_1_77' title='bbox 938 1381 1100 1450; x_wconf 84' lang='lat' dir='ltr'>constant,</span> <span class='ocrx_word' id='word_1_78' title='bbox 1122 1373 1181 1436; x_wconf 91' lang='lat' dir='ltr'>sed</span> <span class='ocrx_word' id='word_1_79' title='bbox 1206 1392 1320 1436; x_wconf 89' lang='lat' dir='ltr'>eorum</span> <span class='ocrx_word' id='word_1_80' title='bbox 1343 1381 1475 1434; x_wconf 90' lang='lat' dir='ltr'>tantum</span> 
     </span>
     <span class='ocr_line' id='line_1_11' title="bbox 322 1473 1475 1556; baseline 0.001 -19"><span class='ocrx_word' id='word_1_81' title='bbox 322 1494 408 1556; x_wconf 86' lang='lat' dir='ltr'>quae</span> <span class='ocrx_word' id='word_1_82' title='bbox 449 1474 513 1538; x_wconf 95' lang='lat' dir='ltr'>illis</span> <span class='ocrx_word' id='word_1_83' title='bbox 553 1483 775 1538; x_wconf 90' lang='lat' dir='ltr'>consentanea</span> <span class='ocrx_word' id='word_1_84' title='bbox 813 1475 976 1537; x_wconf 90' lang='lat' dir='ltr'>videntur.</span> <span class='ocrx_word' id='word_1_85' title='bbox 1035 1474 1219 1539; x_wconf 90' lang='lat' dir='ltr'>Dialectica</span> <span class='ocrx_word' id='word_1_86' title='bbox 1252 1476 1339 1539; x_wconf 89' lang='lat' dir='ltr'>enim</span> <span class='ocrx_word' id='word_1_87' title='bbox 1369 1473 1475 1556; x_wconf 89' lang='lat' dir='ltr'>magis</span> 
     </span>
     <span class='ocr_line' id='line_1_12' title="bbox 322 1578 1475 1661; baseline -0.001 -19"><span class='ocrx_word' id='word_1_88' title='bbox 322 1579 467 1642; x_wconf 92' lang='lat' dir='ltr'>curiosos</span> <span class='ocrx_word' id='word_1_89' title='bbox 490 1588 523 1642; x_wconf 90' lang='lat' dir='ltr'>et</span> <span class='ocrx_word' id='word_1_90' title='bbox 546 1579 759 1661; x_wconf 88' lang='lat' dir='ltr'>importunos,</span> <span class='ocrx_word' id='word_1_91' title='bbox 775 1587 810 1642; x_wconf 92' lang='lat' dir='ltr'>et</span> <span class='ocrx_word' id='word_1_92' title='bbox 831 1579 893 1642; x_wconf 91' lang='lat' dir='ltr'>sibi</span> <span class='ocrx_word' id='word_1_93' title='bbox 916 1579 1086 1661; x_wconf 81' lang='lat' dir='ltr'>negotium</span> <span class='ocrx_word' id='word_1_94' title='bbox 1110 1578 1317 1656; x_wconf 81' lang='lat' dir='ltr'>lacessentes,</span> <span class='ocrx_word' id='word_1_95' title='bbox 1335 1597 1475 1660; x_wconf 88' lang='lat' dir='ltr'>eamque</span> 
     </span>
     <span class='ocr_line' id='line_1_13' title="bbox 324 1681 1475 1764; baseline 0.001 -21"><span class='ocrx_word' id='word_1_96' title='bbox 324 1681 571 1763; x_wconf 89' lang='lat' dir='ltr'>interpellantes</span> <span class='ocrx_word' id='word_1_97' title='bbox 586 1683 628 1746; x_wconf 90' lang='lat' dir='ltr'>de</span> <span class='ocrx_word' id='word_1_98' title='bbox 650 1682 899 1764; x_wconf 88' lang='lat' dir='ltr'>probationibus</span> <span class='ocrx_word' id='word_1_99' title='bbox 920 1691 953 1744; x_wconf 94' lang='lat' dir='ltr'>et</span> <span class='ocrx_word' id='word_1_100' title='bbox 973 1682 1216 1745; x_wconf 89' lang='lat' dir='ltr'>inventionibus</span> <span class='ocrx_word' id='word_1_101' title='bbox 1234 1683 1475 1764; x_wconf 90' lang='lat' dir='ltr'>principiorum,</span> 
     </span>
     <span class='ocr_line' id='line_1_14' title="bbox 323 1783 1474 1866; baseline 0.002 -20"><span class='ocrx_word' id='word_1_102' title='bbox 323 1784 392 1846; x_wconf 91' lang='lat' dir='ltr'>sive</span> <span class='ocrx_word' id='word_1_103' title='bbox 414 1785 621 1848; x_wconf 89' lang='lat' dir='ltr'>axiomatum</span> <span class='ocrx_word' id='word_1_104' title='bbox 643 1785 833 1866; x_wconf 89' lang='lat' dir='ltr'>primorum,</span> <span class='ocrx_word' id='word_1_105' title='bbox 853 1784 896 1847; x_wconf 94' lang='lat' dir='ltr'>ad</span> <span class='ocrx_word' id='word_1_106' title='bbox 919 1783 1027 1862; x_wconf 86' lang='lat' dir='ltr'>fidem,</span> <span class='ocrx_word' id='word_1_107' title='bbox 1050 1793 1084 1848; x_wconf 91' lang='lat' dir='ltr'>et</span> <span class='ocrx_word' id='word_1_108' title='bbox 1106 1784 1208 1848; x_wconf 89' lang='lat' dir='ltr'>veluti</span> <span class='ocrx_word' id='word_1_109' title='bbox 1231 1794 1474 1850; x_wconf 91' lang='lat' dir='ltr'>sacramentum</span> 
     </span>
     <span class='ocr_line' id='line_1_15' title="bbox 322 1885 1288 1970; baseline 0.002 -20"><span class='ocrx_word' id='word_1_110' title='bbox 322 1885 455 1950; x_wconf 91' lang='lat' dir='ltr'>cuilibet</span> <span class='ocrx_word' id='word_1_111' title='bbox 469 1889 531 1952; x_wconf 90' lang='lat' dir='ltr'>arti</span> <span class='ocrx_word' id='word_1_112' title='bbox 546 1888 793 1970; x_wconf 85' lang='lat' dir='ltr'>praestandum,</span> <span class='ocrx_word' id='word_1_113' title='bbox 811 1887 983 1950; x_wconf 91' lang='lat' dir='ltr'>notissimo</span> <span class='ocrx_word' id='word_1_114' title='bbox 999 1907 1158 1969; x_wconf 91' lang='lat' dir='ltr'>responso</span> <span class='ocrx_word' id='word_1_115' title='bbox 1173 1887 1288 1970; x_wconf 91' lang='lat' dir='ltr'>rejicit.</span> 
     </span>
    </p>

    <p class='ocr_par' dir='ltr' id='par_1_4' title="bbox 321 1990 1476 3318">
     <span class='ocr_line' id='line_1_16' title="bbox 368 1990 1475 2072; baseline 0.001 -20"><span class='ocrx_word' id='word_1_116' title='bbox 368 1991 487 2054; x_wconf 89' lang='lat' dir='ltr'>Restat</span> <span class='ocrx_word' id='word_1_117' title='bbox 526 1991 730 2072; x_wconf 89' lang='lat' dir='ltr'>experientia</span> <span class='ocrx_word' id='word_1_118' title='bbox 770 2011 880 2054; x_wconf 90' lang='lat' dir='ltr'>mera:</span> <span class='ocrx_word' id='word_1_119' title='bbox 918 2011 1012 2072; x_wconf 90' lang='lat' dir='ltr'>quae,</span> <span class='ocrx_word' id='word_1_120' title='bbox 1041 1991 1068 2054; x_wconf 90' lang='lat' dir='ltr'>si</span> <span class='ocrx_word' id='word_1_121' title='bbox 1103 2001 1260 2066; x_wconf 89' lang='lat' dir='ltr'>occurrat,</span> <span class='ocrx_word' id='word_1_122' title='bbox 1296 2012 1410 2069; x_wconf 88' lang='lat' dir='ltr'>casus;</span> <span class='ocrx_word' id='word_1_123' title='bbox 1447 1990 1475 2054; x_wconf 87' lang='lat' dir='ltr'>si</span> 
     </span>
     <span class='ocr_line' id='line_1_17' title="bbox 322 2092 1474 2177; baseline 0 -20"><span class='ocrx_word' id='word_1_124' title='bbox 322 2096 472 2177; x_wconf 90' lang='lat' dir='ltr'>quaesita</span> <span class='ocrx_word' id='word_1_125' title='bbox 488 2095 540 2171; x_wconf 92' lang='lat' dir='ltr'>sit,</span> <span class='ocrx_word' id='word_1_126' title='bbox 557 2097 820 2177; x_wconf 89' lang='lat' dir='ltr'>experimentum</span> <span class='ocrx_word' id='word_1_127' title='bbox 838 2095 1034 2158; x_wconf 88' lang='lat' dir='ltr'>nominatur.</span> <span class='ocrx_word' id='word_1_128' title='bbox 1082 2093 1159 2158; x_wconf 92' lang='lat' dir='ltr'>Hoc</span> <span class='ocrx_word' id='word_1_129' title='bbox 1174 2104 1285 2159; x_wconf 88' lang='lat' dir='ltr'>autern</span> <span class='ocrx_word' id='word_1_130' title='bbox 1302 2092 1474 2177; x_wconf 89' lang='lat' dir='ltr'>experien-</span> 
     </span>
     <span class='ocr_line' id='line_1_18' title="bbox 322 2195 1475 2284; baseline 0.001 -23"><span class='ocrx_word' id='word_1_131' title='bbox 322 2199 388 2262; x_wconf 88' lang='lat' dir='ltr'>tiae</span> <span class='ocrx_word' id='word_1_132' title='bbox 417 2218 522 2281; x_wconf 90' lang='lat' dir='ltr'>genus</span> <span class='ocrx_word' id='word_1_133' title='bbox 552 2199 631 2262; x_wconf 93' lang='lat' dir='ltr'>nihil</span> <span class='ocrx_word' id='word_1_134' title='bbox 662 2198 750 2262; x_wconf 90' lang='lat' dir='ltr'>aliud</span> <span class='ocrx_word' id='word_1_135' title='bbox 782 2208 840 2272; x_wconf 87' lang='lat' dir='ltr'>est,</span> <span class='ocrx_word' id='word_1_136' title='bbox 872 2218 971 2280; x_wconf 89' lang='lat' dir='ltr'>quam</span> <span class='ocrx_word' id='word_1_137' title='bbox 998 2195 1102 2280; x_wconf 85' lang='lat' dir='ltr'>(quod</span> <span class='ocrx_word' id='word_1_138' title='bbox 1128 2196 1234 2284; x_wconf 85' lang='lat' dir='ltr'>aiunt)</span> <span class='ocrx_word' id='word_1_139' title='bbox 1264 2219 1384 2281; x_wconf 91' lang='lat' dir='ltr'>scopae</span> <span class='ocrx_word' id='word_1_140' title='bbox 1409 2199 1475 2262; x_wconf 92' lang='lat' dir='ltr'>dis·</span> 
     </span>
     <span class='ocr_line' id='line_1_19' title="bbox 322 2300 1474 2386; baseline -0.001 -21"><span class='ocrx_word' id='word_1_141' title='bbox 322 2302 450 2366; x_wconf 91' lang='lat' dir='ltr'>solutae</span> <span class='ocrx_word' id='word_1_142' title='bbox 459 2301 493 2380; x_wconf 76' lang='lat'>²⁷,</span> <span class='ocrx_word' id='word_1_143' title='bbox 520 2312 553 2366; x_wconf 94' lang='lat' dir='ltr'>et</span> <span class='ocrx_word' id='word_1_144' title='bbox 578 2323 668 2366; x_wconf 91' lang='lat' dir='ltr'>mera</span> <span class='ocrx_word' id='word_1_145' title='bbox 694 2302 841 2386; x_wconf 93' lang='lat' dir='ltr'>palpatio</span> <span class='ocrx_word' id='word_1_146' title='bbox 851 2300 886 2380; x_wconf 81' lang='lat'>²⁸,</span> <span class='ocrx_word' id='word_1_147' title='bbox 911 2303 998 2384; x_wconf 91' lang='lat' dir='ltr'>quali</span> <span class='ocrx_word' id='word_1_148' title='bbox 1025 2301 1177 2365; x_wconf 90' lang='lat' dir='ltr'>homines</span> <span class='ocrx_word' id='word_1_149' title='bbox 1203 2312 1302 2366; x_wconf 91' lang='lat' dir='ltr'>noctu</span> <span class='ocrx_word' id='word_1_150' title='bbox 1329 2311 1474 2378; x_wconf 93' lang='lat' dir='ltr'>utuntur,</span> 
     </span>
     <span class='ocr_line' id='line_1_20' title="bbox 322 2406 1474 2489; baseline 0 -21"><span class='ocrx_word' id='word_1_151' title='bbox 322 2407 433 2469; x_wconf 89' lang='lat' dir='ltr'>omnia</span> <span class='ocrx_word' id='word_1_152' title='bbox 456 2407 684 2489; x_wconf 86' lang='lat' dir='ltr'>pertentando,</span> <span class='ocrx_word' id='word_1_153' title='bbox 707 2407 734 2470; x_wconf 91' lang='lat' dir='ltr'>si</span> <span class='ocrx_word' id='word_1_154' title='bbox 757 2407 841 2470; x_wconf 87' lang='lat' dir='ltr'>sorte</span> <span class='ocrx_word' id='word_1_155' title='bbox 864 2407 896 2469; x_wconf 93' lang='lat' dir='ltr'>in</span> <span class='ocrx_word' id='word_1_156' title='bbox 920 2415 1044 2470; x_wconf 89' lang='lat' dir='ltr'>rectam</span> <span class='ocrx_word' id='word_1_157' title='bbox 1070 2406 1159 2468; x_wconf 89' lang='lat' dir='ltr'>viarn</span> <span class='ocrx_word' id='word_1_158' title='bbox 1186 2406 1329 2470; x_wconf 90' lang='lat' dir='ltr'>incidere</span> <span class='ocrx_word' id='word_1_159' title='bbox 1357 2406 1474 2484; x_wconf 82' lang='lat' dir='ltr'>detur3</span> 
     </span>
     <span class='ocr_line' id='line_1_21' title="bbox 322 2509 1475 2592; baseline 0 -20"><span class='ocrx_word' id='word_1_160' title='bbox 322 2511 440 2592; x_wconf 87' lang='lat' dir='ltr'>quibus</span> <span class='ocrx_word' id='word_1_161' title='bbox 468 2510 573 2574; x_wconf 89' lang='lat' dir='ltr'>multo</span> <span class='ocrx_word' id='word_1_162' title='bbox 595 2511 698 2574; x_wconf 88' lang='lat' dir='ltr'>satius</span> <span class='ocrx_word' id='word_1_163' title='bbox 720 2521 753 2574; x_wconf 91' lang='lat' dir='ltr'>et</span> <span class='ocrx_word' id='word_1_164' title='bbox 774 2510 952 2574; x_wconf 92' lang='lat' dir='ltr'>consultius</span> <span class='ocrx_word' id='word_1_165' title='bbox 975 2509 1060 2573; x_wconf 90' lang='lat' dir='ltr'>loret</span> <span class='ocrx_word' id='word_1_166' title='bbox 1082 2510 1170 2573; x_wconf 92' lang='lat' dir='ltr'>diem</span> <span class='ocrx_word' id='word_1_167' title='bbox 1192 2511 1394 2591; x_wconf 90' lang='lat' dir='ltr'>praestolari,</span> <span class='ocrx_word' id='word_1_168' title='bbox 1417 2517 1475 2572; x_wconf 87' lang='lat' dir='ltr'>aut</span> 
     </span>
     <span class='ocr_line' id='line_1_22' title="bbox 321 2613 1475 2696; baseline 0 -20"><span class='ocrx_word' id='word_1_169' title='bbox 321 2613 433 2677; x_wconf 88' lang='lat' dir='ltr'>lumen</span> <span class='ocrx_word' id='word_1_170' title='bbox 457 2615 645 2693; x_wconf 87' lang='lat' dir='ltr'>accendere,</span> <span class='ocrx_word' id='word_1_171' title='bbox 673 2623 707 2678; x_wconf 94' lang='lat' dir='ltr'>et</span> <span class='ocrx_word' id='word_1_172' title='bbox 732 2614 889 2696; x_wconf 90' lang='lat' dir='ltr'>deinceps</span> <span class='ocrx_word' id='word_1_173' title='bbox 913 2615 1002 2676; x_wconf 91' lang='lat' dir='ltr'>viam</span> <span class='ocrx_word' id='word_1_174' title='bbox 1024 2613 1114 2677; x_wconf 90' lang='lat' dir='ltr'>inire.</span> <span class='ocrx_word' id='word_1_175' title='bbox 1158 2613 1209 2678; x_wconf 88' lang='lat' dir='ltr'>At</span> <span class='ocrx_word' id='word_1_176' title='bbox 1231 2624 1357 2688; x_wconf 91' lang='lat' dir='ltr'>contra,</span> <span class='ocrx_word' id='word_1_177' title='bbox 1379 2633 1475 2677; x_wconf 83' lang='lat' dir='ltr'>verus</span> 
     </span>
     <span class='ocr_line' id='line_1_23' title="bbox 321 2717 1476 2801; baseline -0.002 -20"><span class='ocrx_word' id='word_1_178' title='bbox 321 2719 545 2801; x_wconf 89' lang='lat' dir='ltr'>experientiae</span> <span class='ocrx_word' id='word_1_179' title='bbox 569 2718 652 2782; x_wconf 92' lang='lat' dir='ltr'>ordo</span> <span class='ocrx_word' id='word_1_180' title='bbox 678 2718 785 2800; x_wconf 87' lang='lat' dir='ltr'>primo</span> <span class='ocrx_word' id='word_1_181' title='bbox 812 2718 923 2781; x_wconf 89' lang='lat' dir='ltr'>lumen</span> <span class='ocrx_word' id='word_1_182' title='bbox 947 2717 1109 2795; x_wconf 87' lang='lat' dir='ltr'>accendit,</span> <span class='ocrx_word' id='word_1_183' title='bbox 1134 2717 1256 2781; x_wconf 89' lang='lat' dir='ltr'>deinde</span> <span class='ocrx_word' id='word_1_184' title='bbox 1278 2737 1337 2800; x_wconf 88' lang='lat' dir='ltr'>per</span> <span class='ocrx_word' id='word_1_185' title='bbox 1363 2717 1476 2780; x_wconf 90' lang='lat' dir='ltr'>lumen</span> 
     </span>
     <span class='ocr_line' id='line_1_24' title="bbox 322 2821 1476 2904; baseline -0.002 -20"><span class='ocrx_word' id='word_1_186' title='bbox 322 2822 384 2886; x_wconf 91' lang='lat' dir='ltr'>iter</span> <span class='ocrx_word' id='word_1_187' title='bbox 400 2823 616 2898; x_wconf 91' lang='lat' dir='ltr'>demonstrat,</span> <span class='ocrx_word' id='word_1_188' title='bbox 634 2821 820 2904; x_wconf 87' lang='lat' dir='ltr'>incipiendo</span> <span class='ocrx_word' id='word_1_189' title='bbox 840 2821 883 2884; x_wconf 92' lang='lat' dir='ltr'>ab</span> <span class='ocrx_word' id='word_1_190' title='bbox 899 2821 1105 2902; x_wconf 90' lang='lat' dir='ltr'>experientia</span> <span class='ocrx_word' id='word_1_191' title='bbox 1119 2821 1272 2884; x_wconf 84' lang='lat' dir='ltr'>ordinata</span> <span class='ocrx_word' id='word_1_192' title='bbox 1288 2829 1321 2884; x_wconf 91' lang='lat' dir='ltr'>et</span> <span class='ocrx_word' id='word_1_193' title='bbox 1337 2821 1476 2902; x_wconf 89' lang='lat' dir='ltr'>digesta,</span> 
     </span>
     <span class='ocr_line' id='line_1_25' title="bbox 322 2924 1475 3009; baseline -0.001 -21"><span class='ocrx_word' id='word_1_194' title='bbox 322 2933 356 2988; x_wconf 90' lang='lat' dir='ltr'>et</span> <span class='ocrx_word' id='word_1_195' title='bbox 380 2926 515 2988; x_wconf 91' lang='lat' dir='ltr'>minime</span> <span class='ocrx_word' id='word_1_196' title='bbox 534 2935 746 3009; x_wconf 89' lang='lat' dir='ltr'>praepostera</span> <span class='ocrx_word' id='word_1_197' title='bbox 758 2925 783 2964; x_wconf 79' lang='lat'>²⁹</span> <span class='ocrx_word' id='word_1_198' title='bbox 805 2935 864 2990; x_wconf 87' lang='lat' dir='ltr'>aut</span> <span class='ocrx_word' id='word_1_199' title='bbox 884 2927 1030 3000; x_wconf 91' lang='lat' dir='ltr'>erratica,</span> <span class='ocrx_word' id='word_1_200' title='bbox 1050 2934 1151 3007; x_wconf 92' lang='lat' dir='ltr'>atque</span> <span class='ocrx_word' id='word_1_201' title='bbox 1174 2945 1218 2988; x_wconf 93' lang='lat' dir='ltr'>ex</span> <span class='ocrx_word' id='word_1_202' title='bbox 1241 2945 1281 2990; x_wconf 88' lang='lat' dir='ltr'>ea</span> <span class='ocrx_word' id='word_1_203' title='bbox 1302 2924 1475 2989; x_wconf 89' lang='lat' dir='ltr'>educendo</span> 
     </span>
     <span class='ocr_line' id='line_1_26' title="bbox 322 3027 1475 3111; baseline 0 -21"><span class='ocrx_word' id='word_1_204' title='bbox 322 3028 502 3106; x_wconf 89' lang='lat' dir='ltr'>axiomata,</span> <span class='ocrx_word' id='word_1_205' title='bbox 526 3039 628 3111; x_wconf 90' lang='lat' dir='ltr'>atque</span> <span class='ocrx_word' id='word_1_206' title='bbox 658 3050 701 3092; x_wconf 92' lang='lat' dir='ltr'>ex</span> <span class='ocrx_word' id='word_1_207' title='bbox 735 3029 958 3092; x_wconf 88' lang='lat' dir='ltr'>axiomatibus</span> <span class='ocrx_word' id='word_1_208' title='bbox 988 3027 1175 3092; x_wconf 90' lang='lat' dir='ltr'>constitutis</span> <span class='ocrx_word' id='word_1_209' title='bbox 1206 3047 1314 3092; x_wconf 91' lang='lat' dir='ltr'>rursus</span> <span class='ocrx_word' id='word_1_210' title='bbox 1342 3028 1475 3110; x_wconf 91' lang='lat' dir='ltr'>experi-</span> 
     </span>
     <span class='ocr_line' id='line_1_27' title="bbox 323 3131 1475 3215; baseline 0.001 -22"><span class='ocrx_word' id='word_1_211' title='bbox 323 3139 435 3194; x_wconf 90' lang='lat' dir='ltr'>menta</span> <span class='ocrx_word' id='word_1_212' title='bbox 458 3152 544 3196; x_wconf 91' lang='lat' dir='ltr'>nova</span> <span class='ocrx_word' id='word_1_213' title='bbox 556 3154 564 3212; x_wconf 92' lang='lat'>;</span> <span class='ocrx_word' id='word_1_214' title='bbox 593 3152 695 3215; x_wconf 93' lang='lat' dir='ltr'>quum</span> <span class='ocrx_word' id='word_1_215' title='bbox 721 3153 781 3196; x_wconf 91' lang='lat' dir='ltr'>nec</span> <span class='ocrx_word' id='word_1_216' title='bbox 803 3133 939 3196; x_wconf 92' lang='lat' dir='ltr'>verbum</span> <span class='ocrx_word' id='word_1_217' title='bbox 965 3133 1113 3196; x_wconf 91' lang='lat' dir='ltr'>divinum</span> <span class='ocrx_word' id='word_1_218' title='bbox 1137 3131 1171 3194; x_wconf 91' lang='lat' dir='ltr'>in</span> <span class='ocrx_word' id='word_1_219' title='bbox 1200 3153 1308 3196; x_wconf 90' lang='lat' dir='ltr'>rerum</span> <span class='ocrx_word' id='word_1_220' title='bbox 1333 3151 1475 3196; x_wconf 87' lang='lat' dir='ltr'>massam</span> 
     </span>
     <span class='ocr_line' id='line_1_28' title="bbox 321 3234 836 3318; baseline 0.008 -20"><span class='ocrx_word' id='word_1_221' title='bbox 321 3234 450 3316; x_wconf 90' lang='lat' dir='ltr'>absque</span> <span class='ocrx_word' id='word_1_222' title='bbox 464 3235 579 3298; x_wconf 91' lang='lat' dir='ltr'>ordine</span> <span class='ocrx_word' id='word_1_223' title='bbox 596 3245 767 3318; x_wconf 91' lang='lat' dir='ltr'>operatum</span> <span class='ocrx_word' id='word_1_224' title='bbox 783 3237 836 3302; x_wconf 88' lang='lat' dir='ltr'>sit.</span> 
     </span>
    </p>

    <p class='ocr_par' dir='ltr' id='par_1_5' title="bbox 367 3337 1475 3421">
     <span class='ocr_line' id='line_1_29' title="bbox 367 3337 1475 3421; baseline 0.003 -21"><span class='ocrx_word' id='word_1_225' title='bbox 367 3337 484 3420; x_wconf 92' lang='lat' dir='ltr'>Itaque</span> <span class='ocrx_word' id='word_1_226' title='bbox 499 3338 652 3402; x_wconf 90' lang='lat' dir='ltr'>desinant</span> <span class='ocrx_word' id='word_1_227' title='bbox 667 3338 817 3404; x_wconf 89' lang='lat' dir='ltr'>homines</span> <span class='ocrx_word' id='word_1_228' title='bbox 839 3337 947 3402; x_wconf 89' lang='lat' dir='ltr'>mirari</span> <span class='ocrx_word' id='word_1_229' title='bbox 963 3338 989 3402; x_wconf 96' lang='lat' dir='ltr'>si</span> <span class='ocrx_word' id='word_1_230' title='bbox 1013 3338 1157 3421; x_wconf 90' lang='lat' dir='ltr'>spatium</span> <span class='ocrx_word' id='word_1_231' title='bbox 1178 3337 1387 3402; x_wconf 86' lang='lat' dir='ltr'>scientiarum</span> <span class='ocrx_word' id='word_1_232' title='bbox 1408 3359 1475 3404; x_wconf 91' lang='lat' dir='ltr'>non</span> 
     </span>
    </p>
   </div>
   <div class='ocr_carea' id='block_1_3' title="bbox 320 3479 1477 4546">
    <p class='ocr_par' dir='ltr' id='par_1_6' title="bbox 320 3479 1476 4220">
     <span class='ocr_line' id='line_1_30' title="bbox 360 3479 1476 3552; baseline 0.001 -17"><span class='ocrx_word' id='word_1_233' title='bbox 360 3479 383 3511; x_wconf 78' lang='lat'>²⁷</span> <span class='ocrx_word' id='word_1_234' title='bbox 402 3481 509 3536; x_wconf 88' lang='lat' dir='ltr'>‘Loose</span> <span class='ocrx_word' id='word_1_235' title='bbox 522 3483 617 3550; x_wconf 69' lang='lat' dir='ltr'>twigs!</span> <span class='ocrx_word' id='word_1_236' title='bbox 655 3484 772 3551; x_wconf 87' lang='lat' dir='ltr'>‘Scopas</span> <span class='ocrx_word' id='word_1_237' title='bbox 784 3483 948 3549; x_wconf 87' lang='lat' dir='ltr'>dissolvere‚&#39;</span> <span class='ocrx_word' id='word_1_238' title='bbox 966 3489 997 3536; x_wconf 94' lang='lat' dir='ltr'>to</span> <span class='ocrx_word' id='word_1_239' title='bbox 1012 3483 1089 3537; x_wconf 89' lang='lat' dir='ltr'>untie</span> <span class='ocrx_word' id='word_1_240' title='bbox 1106 3501 1122 3536; x_wconf 90' lang='lat' dir='ltr'>a</span> <span class='ocrx_word' id='word_1_241' title='bbox 1139 3483 1247 3551; x_wconf 88' lang='lat' dir='ltr'>broom,</span> <span class='ocrx_word' id='word_1_242' title='bbox 1259 3501 1314 3537; x_wconf 86' lang='lat' dir='ltr'>was</span> <span class='ocrx_word' id='word_1_243' title='bbox 1329 3483 1476 3552; x_wconf 86' lang='lat' dir='ltr'>aproverb</span> 
     </span>
     <span class='ocr_line' id='line_1_31' title="bbox 321 3563 1475 3634; baseline 0.001 -16"><span class='ocrx_word' id='word_1_244' title='bbox 321 3563 367 3619; x_wconf 77' lang='lat' dir='ltr'>ior</span> <span class='ocrx_word' id='word_1_245' title='bbox 383 3566 520 3632; x_wconf 82' lang='lat' dir='ltr'>throwing</span> <span class='ocrx_word' id='word_1_246' title='bbox 538 3565 669 3634; x_wconf 79' lang='lat' dir='ltr'>anything</span> <span class='ocrx_word' id='word_1_247' title='bbox 687 3565 747 3620; x_wconf 93' lang='lat' dir='ltr'>into</span> <span class='ocrx_word' id='word_1_248' title='bbox 766 3567 908 3621; x_wconf 85' lang='lat' dir='ltr'>confusion</span> <span class='ocrx_word' id='word_1_249' title='bbox 929 3565 983 3619; x_wconf 86' lang='lat' dir='ltr'>and</span> <span class='ocrx_word' id='word_1_250' title='bbox 1002 3565 1135 3622; x_wconf 88' lang='lat' dir='ltr'>disorder.</span> <span class='ocrx_word' id='word_1_251' title='bbox 1172 3569 1224 3621; x_wconf 86' lang='lat' dir='ltr'>See</span> <span class='ocrx_word' id='word_1_252' title='bbox 1242 3567 1350 3634; x_wconf 87' lang='lat' dir='ltr'>Cicero,</span> <span class='ocrx_word' id='word_1_253' title='bbox 1363 3567 1475 3633; x_wconf 87' lang='lat' dir='ltr'>Orator,</span> 
     </span>
     <span class='ocr_line' id='line_1_32' title="bbox 320 3649 1475 3718; baseline 0.001 -16"><span class='ocrx_word' id='word_1_254' title='bbox 320 3649 367 3702; x_wconf 83' lang='lat' dir='ltr'>ch.</span> <span class='ocrx_word' id='word_1_255' title='bbox 382 3663 431 3712; x_wconf 83' lang='lat'>71:</span> <span class='ocrx_word' id='word_1_256' title='bbox 451 3649 518 3702; x_wconf 86' lang='lat' dir='ltr'>‘lsti</span> <span class='ocrx_word' id='word_1_257' title='bbox 532 3657 625 3702; x_wconf 87' lang='lat' dir='ltr'>autern</span> <span class='ocrx_word' id='word_1_258' title='bbox 638 3665 702 3703; x_wconf 91' lang='lat' dir='ltr'>cum</span> <span class='ocrx_word' id='word_1_259' title='bbox 714 3651 864 3704; x_wconf 88' lang='lat' dir='ltr'>dissolvunt</span> <span class='ocrx_word' id='word_1_260' title='bbox 876 3650 1039 3715; x_wconf 86' lang='lat' dir='ltr'>orationem,</span> <span class='ocrx_word' id='word_1_261' title='bbox 1053 3649 1081 3701; x_wconf 88' lang='lat' dir='ltr'>in</span> <span class='ocrx_word' id='word_1_262' title='bbox 1094 3664 1149 3718; x_wconf 88' lang='lat' dir='ltr'>qua</span> <span class='ocrx_word' id='word_1_263' title='bbox 1166 3665 1218 3703; x_wconf 87' lang='lat' dir='ltr'>nec</span> <span class='ocrx_word' id='word_1_264' title='bbox 1231 3665 1283 3715; x_wconf 87' lang='lat' dir='ltr'>res,</span> <span class='ocrx_word' id='word_1_265' title='bbox 1296 3665 1348 3703; x_wconf 87' lang='lat' dir='ltr'>nec</span> <span class='ocrx_word' id='word_1_266' title='bbox 1360 3650 1475 3703; x_wconf 85' lang='lat' dir='ltr'>verbum</span> 
     </span>
     <span class='ocr_line' id='line_1_33' title="bbox 321 3731 1475 3804; baseline 0.002 -19"><span class='ocrx_word' id='word_1_267' title='bbox 321 3732 407 3786; x_wconf 87' lang='lat' dir='ltr'>ullum</span> <span class='ocrx_word' id='word_1_268' title='bbox 432 3738 482 3799; x_wconf 89' lang='lat' dir='ltr'>est,</span> <span class='ocrx_word' id='word_1_269' title='bbox 504 3731 554 3786; x_wconf 88' lang='lat' dir='ltr'>nisi</span> <span class='ocrx_word' id='word_1_270' title='bbox 580 3732 736 3799; x_wconf 85' lang='lat' dir='ltr'>abjectum:</span> <span class='ocrx_word' id='word_1_271' title='bbox 761 3749 817 3788; x_wconf 91' lang='lat' dir='ltr'>non</span> <span class='ocrx_word' id='word_1_272' title='bbox 842 3735 978 3804; x_wconf 76' lang='lat' dir='ltr'>clypeum,</span> <span class='ocrx_word' id='word_1_273' title='bbox 997 3733 1054 3799; x_wconf 89' lang='lat' dir='ltr'>sed,</span> <span class='ocrx_word' id='word_1_274' title='bbox 1075 3739 1107 3786; x_wconf 92' lang='lat' dir='ltr'>ut</span> <span class='ocrx_word' id='word_1_275' title='bbox 1128 3733 1155 3785; x_wconf 89' lang='lat' dir='ltr'>in</span> <span class='ocrx_word' id='word_1_276' title='bbox 1180 3733 1326 3801; x_wconf 87' lang='lat' dir='ltr'>proverbio</span> <span class='ocrx_word' id='word_1_277' title='bbox 1345 3739 1389 3786; x_wconf 86' lang='lat' dir='ltr'>est</span> <span class='ocrx_word' id='word_1_278' title='bbox 1411 3731 1475 3802; x_wconf 79' lang='lat' dir='ltr'>(etsi</span> 
     </span>
     <span class='ocr_line' id='line_1_34' title="bbox 322 3814 1474 3886; baseline 0.002 -18"><span class='ocrx_word' id='word_1_279' title='bbox 322 3814 450 3870; x_wconf 87' lang='lat' dir='ltr'>humilius</span> <span class='ocrx_word' id='word_1_280' title='bbox 462 3817 566 3871; x_wconf 88' lang='lat' dir='ltr'>dictum</span> <span class='ocrx_word' id='word_1_281' title='bbox 580 3823 630 3884; x_wconf 83' lang='lat' dir='ltr'>est,</span> <span class='ocrx_word' id='word_1_282' title='bbox 643 3823 736 3871; x_wconf 86' lang='lat' dir='ltr'>tamen</span> <span class='ocrx_word' id='word_1_283' title='bbox 755 3817 895 3871; x_wconf 89' lang='lat' dir='ltr'>consimile</span> <span class='ocrx_word' id='word_1_284' title='bbox 914 3817 969 3886; x_wconf 89' lang='lat' dir='ltr'>est)</span> <span class='ocrx_word' id='word_1_285' title='bbox 982 3831 1079 3884; x_wconf 88' lang='lat' dir='ltr'>scopas</span> <span class='ocrx_word' id='word_1_286' title='bbox 1090 3815 1158 3868; x_wconf 92' lang='lat' dir='ltr'>mihi</span> <span class='ocrx_word' id='word_1_287' title='bbox 1170 3817 1298 3869; x_wconf 86' lang='lat' dir='ltr'>videntur</span> <span class='ocrx_word' id='word_1_288' title='bbox 1310 3816 1474 3872; x_wconf 68' lang='lat' dir='ltr'>dissolvere!</span> 
     </span>
     <span class='ocr_line' id='line_1_35' title="bbox 324 3896 1475 3969; baseline 0.003 -18"><span class='ocrx_word' id='word_1_289' title='bbox 324 3896 420 3952; x_wconf 89' lang='lat' dir='ltr'>There</span> <span class='ocrx_word' id='word_1_290' title='bbox 439 3900 461 3952; x_wconf 89' lang='lat' dir='ltr'>is</span> <span class='ocrx_word' id='word_1_291' title='bbox 479 3915 495 3954; x_wconf 78' lang='lat' dir='ltr'>a</span> <span class='ocrx_word' id='word_1_292' title='bbox 512 3900 614 3954; x_wconf 87' lang='lat' dir='ltr'>similar</span> <span class='ocrx_word' id='word_1_293' title='bbox 631 3900 794 3969; x_wconf 90' lang='lat' dir='ltr'>application</span> <span class='ocrx_word' id='word_1_294' title='bbox 812 3901 845 3954; x_wconf 88' lang='lat' dir='ltr'>of</span> <span class='ocrx_word' id='word_1_295' title='bbox 860 3900 908 3953; x_wconf 91' lang='lat' dir='ltr'>the</span> <span class='ocrx_word' id='word_1_296' title='bbox 927 3899 1044 3969; x_wconf 84' lang='lat' dir='ltr'>proverb</span> <span class='ocrx_word' id='word_1_297' title='bbox 1064 3901 1091 3953; x_wconf 88' lang='lat' dir='ltr'>in</span> <span class='ocrx_word' id='word_1_298' title='bbox 1111 3899 1160 3953; x_wconf 89' lang='lat' dir='ltr'>the</span> <span class='ocrx_word' id='word_1_299' title='bbox 1178 3899 1295 3969; x_wconf 78' lang='lat' dir='ltr'>Epistles</span> <span class='ocrx_word' id='word_1_300' title='bbox 1312 3905 1344 3954; x_wconf 93' lang='lat' dir='ltr'>to</span> <span class='ocrx_word' id='word_1_301' title='bbox 1355 3901 1475 3968; x_wconf 70' lang='lat' dir='ltr'>Atticm,</span> 
     </span>
     <span class='ocr_line' id='line_1_36' title="bbox 322 3980 1475 4051; baseline 0.001 -16"><span class='ocrx_word' id='word_1_302' title='bbox 322 3980 369 4036; x_wconf 87' lang='lat' dir='ltr'>lib.</span> <span class='ocrx_word' id='word_1_303' title='bbox 382 3981 427 4037; x_wconf 91' lang='lat' dir='ltr'>vii.</span> <span class='ocrx_word' id='word_1_304' title='bbox 439 3999 482 4051; x_wconf 89' lang='lat' dir='ltr'>ep.</span> <span class='ocrx_word' id='word_1_305' title='bbox 499 3999 545 4050; x_wconf 83' lang='lat'>13:</span> <span class='ocrx_word' id='word_1_306' title='bbox 567 3983 617 4037; x_wconf 87' lang='lat' dir='ltr'>‘L.</span> <span class='ocrx_word' id='word_1_307' title='bbox 631 3984 778 4039; x_wconf 87' lang='lat' dir='ltr'>Caesarem</span> <span class='ocrx_word' id='word_1_308' title='bbox 791 3985 846 4037; x_wconf 88' lang='lat' dir='ltr'>vidi</span> <span class='ocrx_word' id='word_1_309' title='bbox 863 3983 1022 4050; x_wconf 89' lang='lat' dir='ltr'>Mintumls,</span> <span class='ocrx_word' id='word_1_310' title='bbox 1035 3999 1098 4036; x_wconf 90' lang='lat' dir='ltr'>cum</span> <span class='ocrx_word' id='word_1_311' title='bbox 1117 3983 1313 4038; x_wconf 85' lang='lat' dir='ltr'>absurdissimis</span> <span class='ocrx_word' id='word_1_312' title='bbox 1331 3984 1475 4051; x_wconf 86' lang='lat' dir='ltr'>mandatis,</span> 
     </span>
     <span class='ocr_line' id='line_1_37' title="bbox 322 4063 1475 4136; baseline 0.002 -18"><span class='ocrx_word' id='word_1_313' title='bbox 322 4081 380 4118; x_wconf 87' lang='lat' dir='ltr'>uon</span> <span class='ocrx_word' id='word_1_314' title='bbox 392 4063 541 4132; x_wconf 89' lang='lat' dir='ltr'>hominem,</span> <span class='ocrx_word' id='word_1_315' title='bbox 554 4067 603 4120; x_wconf 91' lang='lat' dir='ltr'>sed</span> <span class='ocrx_word' id='word_1_316' title='bbox 615 4083 711 4136; x_wconf 84' lang='lat' dir='ltr'>scopas</span> <span class='ocrx_word' id='word_1_317' title='bbox 723 4068 842 4122; x_wconf 68' lang='lat' dir='ltr'>solutas!</span> <span class='ocrx_word' id='word_1_318' title='bbox 872 4067 936 4120; x_wconf 91' lang='lat' dir='ltr'>The</span> <span class='ocrx_word' id='word_1_319' title='bbox 948 4067 1066 4135; x_wconf 86' lang='lat' dir='ltr'>proverb</span> <span class='ocrx_word' id='word_1_320' title='bbox 1078 4083 1140 4136; x_wconf 85' lang='lat' dir='ltr'>may</span> <span class='ocrx_word' id='word_1_321' title='bbox 1153 4066 1221 4120; x_wconf 86' lang='lat' dir='ltr'>have</span> <span class='ocrx_word' id='word_1_322' title='bbox 1233 4065 1287 4120; x_wconf 91' lang='lat' dir='ltr'>had</span> <span class='ocrx_word' id='word_1_323' title='bbox 1300 4068 1335 4120; x_wconf 87' lang='lat' dir='ltr'>its</span> <span class='ocrx_word' id='word_1_324' title='bbox 1347 4067 1434 4134; x_wconf 79' lang='lat' dir='ltr'>origin</span> <span class='ocrx_word' id='word_1_325' title='bbox 1446 4067 1475 4120; x_wconf 92' lang='lat' dir='ltr'>in</span> 
     </span>
     <span class='ocr_line' id='line_1_38' title="bbox 321 4147 1251 4220; baseline -0.002 -16"><span class='ocrx_word' id='word_1_326' title='bbox 321 4147 370 4204; x_wconf 87' lang='lat' dir='ltr'>the</span> <span class='ocrx_word' id='word_1_327' title='bbox 385 4148 469 4202; x_wconf 83' lang='lat' dir='ltr'>Fable</span> <span class='ocrx_word' id='word_1_328' title='bbox 481 4149 514 4203; x_wconf 81' lang='lat' dir='ltr'>of</span> <span class='ocrx_word' id='word_1_329' title='bbox 523 4149 572 4203; x_wconf 86' lang='lat' dir='ltr'>the</span> <span class='ocrx_word' id='word_1_330' title='bbox 586 4150 690 4204; x_wconf 83' lang='lat' dir='ltr'>Father</span> <span class='ocrx_word' id='word_1_331' title='bbox 701 4151 754 4203; x_wconf 88' lang='lat' dir='ltr'>and</span> <span class='ocrx_word' id='word_1_332' title='bbox 767 4151 808 4203; x_wconf 88' lang='lat' dir='ltr'>his</span> <span class='ocrx_word' id='word_1_333' title='bbox 822 4152 898 4218; x_wconf 89' lang='lat' dir='ltr'>Sons,</span> <span class='ocrx_word' id='word_1_334' title='bbox 912 4153 956 4204; x_wconf 90' lang='lat' dir='ltr'>‘as</span> <span class='ocrx_word' id='word_1_335' title='bbox 968 4151 1134 4218; x_wconf 80' lang='lat' dir='ltr'>inculcating</span> <span class='ocrx_word' id='word_1_336' title='bbox 1146 4149 1251 4220; x_wconf 67' lang='lat' dir='ltr'>Unity!</span> 
     </span>
    </p>

    <p class='ocr_par' dir='ltr' id='par_1_7' title="bbox 322 4229 1477 4384">
     <span class='ocr_line' id='line_1_39' title="bbox 358 4229 1477 4302; baseline 0.004 -18"><span class='ocrx_word' id='word_1_337' title='bbox 358 4229 381 4262; x_wconf 76' lang='lat'>²⁸</span> <span class='ocrx_word' id='word_1_338' title='bbox 399 4233 450 4285; x_wconf 87' lang='lat' dir='ltr'>See</span> <span class='ocrx_word' id='word_1_339' title='bbox 462 4232 510 4285; x_wconf 89' lang='lat' dir='ltr'>the</span> <span class='ocrx_word' id='word_1_340' title='bbox 526 4249 637 4300; x_wconf 81' lang='lat' dir='ltr'>passage</span> <span class='ocrx_word' id='word_1_341' title='bbox 654 4233 727 4287; x_wconf 84' lang='lat' dir='ltr'>from</span> <span class='ocrx_word' id='word_1_342' title='bbox 739 4233 787 4287; x_wconf 90' lang='lat' dir='ltr'>the</span> <span class='ocrx_word' id='word_1_343' title='bbox 800 4234 846 4288; x_wconf 87' lang='lat' dir='ltr'>De</span> <span class='ocrx_word' id='word_1_344' title='bbox 858 4234 1028 4302; x_wconf 79' lang='lat' dir='ltr'>Augmentis,</span> <span class='ocrx_word' id='word_1_345' title='bbox 1041 4234 1086 4287; x_wconf 92' lang='lat' dir='ltr'>lib.</span> <span class='ocrx_word' id='word_1_346' title='bbox 1099 4250 1124 4290; x_wconf 82' lang='lat' dir='ltr'>r.</span> <span class='ocrx_word' id='word_1_347' title='bbox 1137 4249 1197 4302; x_wconf 88' lang='lat' dir='ltr'>cap.</span> <span class='ocrx_word' id='word_1_348' title='bbox 1212 4251 1235 4301; x_wconf 77' lang='lat' dir='ltr'>a,</span> <span class='ocrx_word' id='word_1_349' title='bbox 1248 4232 1359 4302; x_wconf 83' lang='lat' dir='ltr'>already</span> <span class='ocrx_word' id='word_1_350' title='bbox 1370 4231 1477 4302; x_wconf 88' lang='lat' dir='ltr'>quoted</span> 
     </span>
     <span class='ocr_line' id='line_1_40' title="bbox 322 4305 1458 4384; baseline 0.003 -18"><span class='ocrx_word' id='word_1_351' title='bbox 322 4313 351 4366; x_wconf 86' lang='lat' dir='ltr'>in</span> <span class='ocrx_word' id='word_1_352' title='bbox 364 4319 431 4368; x_wconf 87' lang='lat' dir='ltr'>note</span> <span class='ocrx_word' id='word_1_353' title='bbox 444 4328 477 4380; x_wconf 89' lang='lat'>74</span> <span class='ocrx_word' id='word_1_354' title='bbox 490 4322 521 4368; x_wconf 91' lang='lat' dir='ltr'>to</span> <span class='ocrx_word' id='word_1_355' title='bbox 533 4316 605 4384; x_wconf 79' lang='lat' dir='ltr'>Aph.</span> <span class='ocrx_word' id='word_1_356' title='bbox 619 4331 662 4379; x_wconf 84' lang='lat'>70.</span> <span class='ocrx_word' id='word_1_357' title='bbox 1225 4361 1228 4366; x_wconf 95' lang='lat'>.</span> <span class='ocrx_word' id='word_1_358' title='bbox 1452 4305 1458 4310; x_wconf 67' lang='grc'><strong>’</strong></span> 
     </span>
    </p>

    <p class='ocr_par' dir='ltr' id='par_1_8' title="bbox 322 4393 1476 4546">
     <span class='ocr_line' id='line_1_41' title="bbox 358 4393 1476 4470; baseline 0.002 -20"><span class='ocrx_word' id='word_1_359' title='bbox 358 4393 381 4426; x_wconf 74' lang='lat'>¹⁹</span> <span class='ocrx_word' id='word_1_360' title='bbox 398 4395 510 4466; x_wconf 79' lang='grc' dir='ltr'><strong><em>ὕστερον</em></strong></span> <span class='ocrx_word' id='word_1_361' title='bbox 528 4399 670 4470; x_wconf 72' lang='grc' dir='ltr'><strong><em>πρόπρως</em></strong></span> <span class='ocrx_word' id='word_1_362' title='bbox 695 4399 840 4466; x_wconf 78' lang='lat' dir='ltr'>observing</span> <span class='ocrx_word' id='word_1_363' title='bbox 861 4414 899 4452; x_wconf 91' lang='lat' dir='ltr'>no</span> <span class='ocrx_word' id='word_1_364' title='bbox 918 4398 1001 4454; x_wconf 90' lang='lat' dir='ltr'>order</span> <span class='ocrx_word' id='word_1_365' title='bbox 1022 4413 1055 4452; x_wconf 88' lang='lat' dir='ltr'>or</span> <span class='ocrx_word' id='word_1_366' title='bbox 1075 4397 1199 4468; x_wconf 87' lang='lat' dir='ltr'>method,</span> <span class='ocrx_word' id='word_1_367' title='bbox 1221 4413 1261 4466; x_wconf 89' lang='lat' dir='ltr'>or,</span> <span class='ocrx_word' id='word_1_368' title='bbox 1281 4397 1406 4468; x_wconf 81' lang='lat' dir='ltr'>perhaps,</span> <span class='ocrx_word' id='word_1_369' title='bbox 1426 4397 1476 4452; x_wconf 83' lang='lat' dir='ltr'>the</span> 
     </span>
     <span class='ocr_line' id='line_1_42' title="bbox 322 4479 523 4546; baseline 0.015 -14"><span class='ocrx_word' id='word_1_370' title='bbox 322 4493 418 4546; x_wconf 78' lang='lat' dir='ltr'>wrong</span> <span class='ocrx_word' id='word_1_371' title='bbox 431 4479 523 4536; x_wconf 89' lang='lat' dir='ltr'>order.</span> 
     </span>
    </p>
   </div>
   <div class='ocr_carea' id='block_1_4' title="bbox 0 0 1666 5110">
    <p class='ocr_par' dir='ltr' id='par_1_9' title="bbox 0 0 1666 5110">
     <span class='ocr_line' id='line_1_43' title="bbox 0 0 1666 5110; baseline 0 0"><span class='ocrx_word' id='word_1_372' title='bbox 0 0 1666 5110; x_wconf 95' lang='lat' dir='ltr'> </span> 
     </span>
    </p>
   </div>
  </div>
 </body>
</html>
