<?xml version="1.0" encoding="UTF-8"?>
<!DOCTYPE html PUBLIC "-//W3C//DTD XHTML 1.0 Transitional//EN"
    "http://www.w3.org/TR/xhtml1/DTD/xhtml1-transitional.dtd">
<html xmlns="http://www.w3.org/1999/xhtml" xml:lang="en" lang="en">
 <head>
  <title>
</title>
<meta http-equiv="Content-Type" content="text/html;charset=utf-8" />
  <meta name='ocr-system' content='tesseract 3.04.00' />
  <meta name='ocr-capabilities' content='ocr_page ocr_carea ocr_par ocr_line ocrx_word'/>
</head>
<body>
  <div class='ocr_page' id='page_1' title='image "./baconsnovumorga01fowlgoog/baconsnovumorga01fowlgoog_0338.png"; bbox 0 0 3324 5110; ppageno 0'>
   <div class='ocr_carea' id='block_1_1' title="bbox 619 461 1365 540">
    <p class='ocr_par' dir='ltr' id='par_1_1' title="bbox 619 461 1365 540">
     <span class='ocr_line' id='line_1_1' title="bbox 619 461 1365 540; baseline -0.001 -24"><span class='ocrx_word' id='word_1_1' title='bbox 619 461 700 519; x_wconf 74' lang='grc' dir='ltr'>ΜΒ.</span> <span class='ocrx_word' id='word_1_2' title='bbox 722 462 748 520; x_wconf 87' lang='lat' dir='ltr'>J.</span> <span class='ocrx_word' id='word_1_3' title='bbox 775 463 978 540; x_wconf 87' lang='lat'>117-119.&#39;</span> <span class='ocrx_word' id='word_1_4' title='bbox 1300 463 1365 538; x_wconf 82' lang='lat'>315</span> 
     </span>
    </p>
   </div>
   <div class='ocr_carea' id='block_1_2' title="bbox 210 623 1364 916">
    <p class='ocr_par' dir='ltr' id='par_1_2' title="bbox 210 623 1364 916">
     <span class='ocr_line' id='line_1_2' title="bbox 210 623 1364 708; baseline -0.006 -14"><span class='ocrx_word' id='word_1_5' title='bbox 210 627 398 694; x_wconf 82' lang='lat' dir='ltr'>sed&#39;omnia</span> <span class='ocrx_word' id='word_1_6' title='bbox 420 625 454 688; x_wconf 92' lang='lat' dir='ltr'>in</span> <span class='ocrx_word' id='word_1_7' title='bbox 475 625 614 690; x_wconf 87' lang='lat' dir='ltr'>victoria</span> <span class='ocrx_word' id='word_1_8' title='bbox 624 646 742 689; x_wconf 79' lang='lat' dir='ltr'>cursus</span> <span class='ocrx_word' id='word_1_9' title='bbox 764 627 844 690; x_wconf 84' lang='lat' dir='ltr'>artis</span> <span class='ocrx_word' id='word_1_10' title='bbox 866 647 966 708; x_wconf 86' lang='lat' dir='ltr'>super</span> <span class='ocrx_word' id='word_1_11' title='bbox 980 627 1133 689; x_wconf 82' lang='lat' dir='ltr'>naturam</span> <span class='ocrx_word' id='word_1_12' title='bbox 1145 623 1174 663; x_wconf 76' lang='lat'>³⁴</span> <span class='ocrx_word' id='word_1_13' title='bbox 1189 625 1364 708; x_wconf 89' lang='lat' dir='ltr'>ponimus;</span> 
     </span>
     <span class='ocr_line' id='line_1_3' title="bbox 211 729 1364 818; baseline -0.005 -20"><span class='ocrx_word' id='word_1_14' title='bbox 211 753 317 816; x_wconf 89' lang='lat' dir='ltr'>neque</span> <span class='ocrx_word' id='word_1_15' title='bbox 342 751 491 794; x_wconf 89' lang='lat' dir='ltr'>muscum</span> <span class='ocrx_word' id='word_1_16' title='bbox 516 738 575 794; x_wconf 90' lang='lat' dir='ltr'>aut</span> <span class='ocrx_word' id='word_1_17' title='bbox 601 739 749 818; x_wconf 76' lang='lat' dir='ltr'>segetem</span> <span class='ocrx_word' id='word_1_18' title='bbox 774 730 946 794; x_wconf 80' lang='lat' dir='ltr'>herbidam</span> <span class='ocrx_word' id='word_1_19' title='bbox 970 733 1138 795; x_wconf 85' lang='lat' dir='ltr'>demetere</span> <span class='ocrx_word' id='word_1_20' title='bbox 1162 729 1364 807; x_wconf 80' lang='lat' dir='ltr'>iestiuamus,</span> 
     </span>
     <span class='ocr_line' id='line_1_4' title="bbox 210 821 916 916; baseline -0.004 -15"><span class='ocrx_word' id='word_1_21' title='bbox 210 839 269 902; x_wconf 84' lang='lat' dir='ltr'>sed</span> <span class='ocrx_word' id='word_1_22' title='bbox 286 855 427 899; x_wconf 86' lang='lat' dir='ltr'>messem</span> <span class='ocrx_word' id='word_1_23' title='bbox 443 821 916 916; x_wconf 77' lang='lat' dir='ltr'>tempestivam&#39;expectamus.</span> 
     </span>
    </p>
   </div>
   <div class='ocr_carea' id='block_1_3' title="bbox 703 1036 867 1104">
    <p class='ocr_par' dir='ltr' id='par_1_3' title="bbox 703 1036 867 1104">
     <span class='ocr_line' id='line_1_5' title="bbox 703 1036 867 1104; baseline 0.012 -2"><span class='ocrx_word' id='word_1_24' title='bbox 703 1036 867 1104; x_wconf 90' lang='lat' dir='ltr'><strong>CXVIII.</strong></span> 
     </span>
    </p>
   </div>
   <div class='ocr_carea' id='block_1_4' title="bbox 210 1167 1366 2496">
    <p class='ocr_par' dir='ltr' id='par_1_4' title="bbox 210 1167 1366 2496">
     <span class='ocr_line' id='line_1_6' title="bbox 255 1167 1365 1253; baseline 0.001 -19"><span class='ocrx_word' id='word_1_25' title='bbox 255 1169 414 1234; x_wconf 91' lang='lat' dir='ltr'>Occurret</span> <span class='ocrx_word' id='word_1_26' title='bbox 424 1169 524 1232; x_wconf 89' lang='lat' dir='ltr'>etiam</span> <span class='ocrx_word' id='word_1_27' title='bbox 540 1167 637 1232; x_wconf 92' lang='lat' dir='ltr'>alicui</span> <span class='ocrx_word' id='word_1_28' title='bbox 652 1169 876 1250; x_wconf 87' lang='lat' dir='ltr'>proculdubio,</span> <span class='ocrx_word' id='word_1_29' title='bbox 887 1178 1064 1253; x_wconf 87' lang='lat' dir='ltr'><strong>postquam</strong></span> <span class='ocrx_word' id='word_1_30' title='bbox 1080 1170 1365 1253; x_wconf 88' lang='lat' dir='ltr'>ipsamhistoriam</span> 
     </span>
     <span class='ocr_line' id='line_1_7' title="bbox 211 1271 1364 1356; baseline 0.002 -22"><span class='ocrx_word' id='word_1_31' title='bbox 211 1283 358 1336; x_wconf 83' lang='lat' dir='ltr'>nostram</span> <span class='ocrx_word' id='word_1_32' title='bbox 381 1281 414 1334; x_wconf 91' lang='lat' dir='ltr'>et</span> <span class='ocrx_word' id='word_1_33' title='bbox 437 1272 635 1334; x_wconf 89' lang='lat' dir='ltr'>inventionis</span> <span class='ocrx_word' id='word_1_34' title='bbox 657 1271 788 1334; x_wconf 86' lang='lat' dir='ltr'>tabulas</span> <span class='ocrx_word' id='word_1_35' title='bbox 810 1272 994 1356; x_wconf 75' lang='lat' dir='ltr'>perlegerit,</span> <span class='ocrx_word' id='word_1_36' title='bbox 1009 1273 1133 1356; x_wconf 89' lang='lat' dir='ltr'>aliquid</span> <span class='ocrx_word' id='word_1_37' title='bbox 1153 1277 1186 1337; x_wconf 95' lang='lat' dir='ltr'>in</span> <span class='ocrx_word' id='word_1_38' title='bbox 1209 1276 1289 1356; x_wconf 90' lang='lat' dir='ltr'>ipsis</span> <span class='ocrx_word' id='word_1_39' title='bbox 1305 1295 1364 1337; x_wconf 87' lang='lat' dir='ltr'>ex·</span> 
     </span>
     <span class='ocr_line' id='line_1_8' title="bbox 211 1376 1365 1462; baseline 0.001 -21"><span class='ocrx_word' id='word_1_40' title='bbox 211 1377 402 1460; x_wconf 81' lang='lat' dir='ltr'>perimentis</span> <span class='ocrx_word' id='word_1_41' title='bbox 417 1378 525 1439; x_wconf 91' lang='lat' dir='ltr'>minus</span> <span class='ocrx_word' id='word_1_42' title='bbox 540 1385 676 1454; x_wconf 90' lang='lat' dir='ltr'>certum,</span> <span class='ocrx_word' id='word_1_43' title='bbox 689 1376 743 1438; x_wconf 89' lang='lat' dir='ltr'>vel</span> <span class='ocrx_word' id='word_1_44' title='bbox 764 1378 899 1440; x_wconf 87' lang='lat' dir='ltr'>omnino</span> <span class='ocrx_word' id='word_1_45' title='bbox 915 1376 1033 1442; x_wconf 84' lang='lat' dir='ltr'>salsum</span> <span class='ocrx_word' id='word_1_46' title='bbox 1043 1404 1053 1457; x_wconf 81' lang='lat'>3</span> <span class='ocrx_word' id='word_1_47' title='bbox 1076 1389 1177 1462; x_wconf 88' lang='lat' dir='ltr'>atque</span> <span class='ocrx_word' id='word_1_48' title='bbox 1190 1389 1365 1461; x_wconf 88' lang='lat' dir='ltr'>propterea</span> 
     </span>
     <span class='ocr_line' id='line_1_9' title="bbox 211 1480 1366 1566; baseline 0 -21"><span class='ocrx_word' id='word_1_49' title='bbox 211 1499 323 1546; x_wconf 90' lang='lat' dir='ltr'>secum</span> <span class='ocrx_word' id='word_1_50' title='bbox 350 1482 488 1545; x_wconf 84' lang='lat' dir='ltr'>fortasse</span> <span class='ocrx_word' id='word_1_51' title='bbox 512 1480 689 1562; x_wconf 90' lang='lat' dir='ltr'>reputabit,</span> <span class='ocrx_word' id='word_1_52' title='bbox 713 1480 937 1544; x_wconf 82' lang='lat' dir='ltr'>fundamentis</span> <span class='ocrx_word' id='word_1_53' title='bbox 962 1491 998 1546; x_wconf 88' lang='lat' dir='ltr'>et</span> <span class='ocrx_word' id='word_1_54' title='bbox 1020 1484 1190 1566; x_wconf 81' lang='lat' dir='ltr'>principiis</span> <span class='ocrx_word' id='word_1_55' title='bbox 1216 1483 1307 1546; x_wconf 88' lang='lat' dir='ltr'>falsis</span> <span class='ocrx_word' id='word_1_56' title='bbox 1332 1493 1366 1546; x_wconf 92' lang='lat' dir='ltr'>et</span> 
     </span>
     <span class='ocr_line' id='line_1_10' title="bbox 210 1585 1363 1666; baseline -0.002 -16"><span class='ocrx_word' id='word_1_57' title='bbox 210 1587 320 1650; x_wconf 86' lang='lat' dir='ltr'>dubiis</span> <span class='ocrx_word' id='word_1_58' title='bbox 335 1587 468 1649; x_wconf 88' lang='lat' dir='ltr'>inventa</span> <span class='ocrx_word' id='word_1_59' title='bbox 481 1593 593 1649; x_wconf 91' lang='lat' dir='ltr'>nostra</span> <span class='ocrx_word' id='word_1_60' title='bbox 607 1587 678 1648; x_wconf 91' lang='lat' dir='ltr'>niti.</span> <span class='ocrx_word' id='word_1_61' title='bbox 722 1585 847 1648; x_wconf 91' lang='lat' dir='ltr'>Verum</span> <span class='ocrx_word' id='word_1_62' title='bbox 865 1585 928 1649; x_wconf 90' lang='lat' dir='ltr'>hoc</span> <span class='ocrx_word' id='word_1_63' title='bbox 939 1586 1019 1649; x_wconf 92' lang='lat' dir='ltr'>nihil</span> <span class='ocrx_word' id='word_1_64' title='bbox 1032 1598 1104 1666; x_wconf 83' lang='lat' dir='ltr'>est3</span> <span class='ocrx_word' id='word_1_65' title='bbox 1127 1608 1261 1651; x_wconf 90' lang='lat' dir='ltr'>necesse</span> <span class='ocrx_word' id='word_1_66' title='bbox 1276 1588 1363 1651; x_wconf 92' lang='lat' dir='ltr'>enim</span> 
     </span>
     <span class='ocr_line' id='line_1_11' title="bbox 211 1688 1363 1774; baseline 0.001 -20"><span class='ocrx_word' id='word_1_67' title='bbox 211 1700 263 1754; x_wconf 93' lang='lat' dir='ltr'>est</span> <span class='ocrx_word' id='word_1_68' title='bbox 286 1688 366 1754; x_wconf 86' lang='lat' dir='ltr'>talia</span> <span class='ocrx_word' id='word_1_69' title='bbox 388 1689 448 1752; x_wconf 91' lang='lat' dir='ltr'>sub</span> <span class='ocrx_word' id='word_1_70' title='bbox 471 1689 571 1752; x_wconf 91' lang='lat' dir='ltr'>initiis</span> <span class='ocrx_word' id='word_1_71' title='bbox 594 1689 732 1754; x_wconf 84' lang='lat' dir='ltr'>evenire.</span> <span class='ocrx_word' id='word_1_72' title='bbox 778 1689 894 1754; x_wconf 87' lang='lat' dir='ltr'>Simile</span> <span class='ocrx_word' id='word_1_73' title='bbox 916 1692 1004 1755; x_wconf 91' lang='lat' dir='ltr'>enim</span> <span class='ocrx_word' id='word_1_74' title='bbox 1029 1701 1078 1755; x_wconf 90' lang='lat' dir='ltr'>est</span> <span class='ocrx_word' id='word_1_75' title='bbox 1101 1693 1189 1755; x_wconf 89' lang='lat' dir='ltr'>acsi</span> <span class='ocrx_word' id='word_1_76' title='bbox 1213 1693 1245 1754; x_wconf 92' lang='lat' dir='ltr'>in</span> <span class='ocrx_word' id='word_1_77' title='bbox 1264 1692 1363 1774; x_wconf 90' lang='lat' dir='ltr'>scrip·</span> 
     </span>
     <span class='ocr_line' id='line_1_12' title="bbox 211 1794 1364 1880; baseline 0 -22"><span class='ocrx_word' id='word_1_78' title='bbox 211 1796 302 1858; x_wconf 91' lang='lat' dir='ltr'>tione</span> <span class='ocrx_word' id='word_1_79' title='bbox 330 1804 390 1857; x_wconf 86' lang='lat' dir='ltr'>aut</span> <span class='ocrx_word' id='word_1_80' title='bbox 420 1794 634 1876; x_wconf 86' lang='lat' dir='ltr'>impressione</span> <span class='ocrx_word' id='word_1_81' title='bbox 658 1814 724 1858; x_wconf 87' lang='lat' dir='ltr'>una</span> <span class='ocrx_word' id='word_1_82' title='bbox 747 1794 832 1858; x_wconf 89' lang='lat' dir='ltr'>sorte</span> <span class='ocrx_word' id='word_1_83' title='bbox 858 1794 952 1858; x_wconf 89' lang='lat' dir='ltr'>litera</span> <span class='ocrx_word' id='word_1_84' title='bbox 978 1805 1036 1860; x_wconf 90' lang='lat' dir='ltr'>aut</span> <span class='ocrx_word' id='word_1_85' title='bbox 1060 1796 1165 1860; x_wconf 88' lang='lat' dir='ltr'>altera</span> <span class='ocrx_word' id='word_1_86' title='bbox 1191 1817 1364 1880; x_wconf 84' lang='lat' dir='ltr'>perperam</span> 
     </span>
     <span class='ocr_line' id='line_1_13' title="bbox 211 1897 1364 1982; baseline 0.002 -20"><span class='ocrx_word' id='word_1_87' title='bbox 211 1898 321 1981; x_wconf 90' lang='lat' dir='ltr'>posita</span> <span class='ocrx_word' id='word_1_88' title='bbox 343 1907 401 1960; x_wconf 93' lang='lat' dir='ltr'>aut</span> <span class='ocrx_word' id='word_1_89' title='bbox 421 1897 583 1961; x_wconf 90' lang='lat' dir='ltr'>collocata</span> <span class='ocrx_word' id='word_1_90' title='bbox 607 1898 670 1977; x_wconf 91' lang='lat' dir='ltr'>sit;</span> <span class='ocrx_word' id='word_1_91' title='bbox 694 1899 727 1962; x_wconf 93' lang='lat' dir='ltr'>id</span> <span class='ocrx_word' id='word_1_92' title='bbox 749 1900 837 1961; x_wconf 90' lang='lat' dir='ltr'>enim</span> <span class='ocrx_word' id='word_1_93' title='bbox 863 1899 1030 1982; x_wconf 89' lang='lat' dir='ltr'>legentem</span> <span class='ocrx_word' id='word_1_94' title='bbox 1049 1921 1116 1964; x_wconf 92' lang='lat' dir='ltr'>non</span> <span class='ocrx_word' id='word_1_95' title='bbox 1138 1901 1279 1964; x_wconf 90' lang='lat' dir='ltr'>multum</span> <span class='ocrx_word' id='word_1_96' title='bbox 1303 1901 1364 1964; x_wconf 92' lang='lat' dir='ltr'>im·</span> 
     </span>
     <span class='ocr_line' id='line_1_14' title="bbox 212 2001 1365 2086; baseline 0.002 -22"><span class='ocrx_word' id='word_1_97' title='bbox 212 2002 325 2084; x_wconf 89' lang='lat' dir='ltr'>pedire</span> <span class='ocrx_word' id='word_1_98' title='bbox 347 2001 440 2075; x_wconf 91' lang='lat' dir='ltr'>solet,</span> <span class='ocrx_word' id='word_1_99' title='bbox 457 2003 726 2084; x_wconf 89' lang='lat' dir='ltr'>quandoquidem</span> <span class='ocrx_word' id='word_1_100' title='bbox 751 2013 861 2066; x_wconf 87' lang='lat' dir='ltr'>errata</span> <span class='ocrx_word' id='word_1_101' title='bbox 883 2003 926 2067; x_wconf 85' lang='lat' dir='ltr'>ab</span> <span class='ocrx_word' id='word_1_102' title='bbox 949 2004 1020 2086; x_wconf 93' lang='lat' dir='ltr'>ipso</span> <span class='ocrx_word' id='word_1_103' title='bbox 1051 2025 1148 2068; x_wconf 91' lang='lat' dir='ltr'>sensu</span> <span class='ocrx_word' id='word_1_104' title='bbox 1175 2004 1271 2068; x_wconf 85' lang='lat' dir='ltr'>facile</span> <span class='ocrx_word' id='word_1_105' title='bbox 1294 2025 1365 2068; x_wconf 90' lang='lat' dir='ltr'>cor·</span> 
     </span>
     <span class='ocr_line' id='line_1_15' title="bbox 212 2105 1365 2188; baseline 0.003 -20"><span class='ocrx_word' id='word_1_106' title='bbox 212 2105 370 2186; x_wconf 72' lang='lat' dir='ltr'>figuntur.</span> <span class='ocrx_word' id='word_1_107' title='bbox 424 2105 477 2168; x_wconf 88' lang='lat' dir='ltr'>Ita</span> <span class='ocrx_word' id='word_1_108' title='bbox 512 2106 613 2168; x_wconf 88' lang='lat' dir='ltr'>etiam</span> <span class='ocrx_word' id='word_1_109' title='bbox 649 2107 795 2188; x_wconf 84' lang='lat' dir='ltr'>cogitent</span> <span class='ocrx_word' id='word_1_110' title='bbox 829 2105 991 2186; x_wconf 90' lang='lat' dir='ltr'>homines,</span> <span class='ocrx_word' id='word_1_111' title='bbox 1024 2108 1129 2172; x_wconf 89' lang='lat' dir='ltr'>multa</span> <span class='ocrx_word' id='word_1_112' title='bbox 1162 2109 1195 2172; x_wconf 92' lang='lat' dir='ltr'>in</span> <span class='ocrx_word' id='word_1_113' title='bbox 1227 2109 1365 2172; x_wconf 90' lang='lat' dir='ltr'>historia</span> 
     </span>
     <span class='ocr_line' id='line_1_16' title="bbox 212 2208 1365 2294; baseline 0.003 -24"><span class='ocrx_word' id='word_1_114' title='bbox 212 2208 353 2272; x_wconf 86' lang='lat' dir='ltr'>naturali</span> <span class='ocrx_word' id='word_1_115' title='bbox 376 2209 605 2290; x_wconf 86' lang='lat' dir='ltr'>experimenta</span> <span class='ocrx_word' id='word_1_116' title='bbox 627 2208 710 2272; x_wconf 88' lang='lat' dir='ltr'>salso</span> <span class='ocrx_word' id='word_1_117' title='bbox 737 2209 825 2272; x_wconf 91' lang='lat' dir='ltr'>credi</span> <span class='ocrx_word' id='word_1_118' title='bbox 849 2219 883 2272; x_wconf 94' lang='lat' dir='ltr'>et</span> <span class='ocrx_word' id='word_1_119' title='bbox 904 2212 1005 2292; x_wconf 89' lang='lat' dir='ltr'>recipi</span> <span class='ocrx_word' id='word_1_120' title='bbox 1027 2233 1133 2293; x_wconf 91' lang='lat' dir='ltr'>posse,</span> <span class='ocrx_word' id='word_1_121' title='bbox 1156 2233 1242 2294; x_wconf 91' lang='lat' dir='ltr'>quae</span> <span class='ocrx_word' id='word_1_122' title='bbox 1264 2210 1365 2294; x_wconf 89' lang='lat' dir='ltr'>paulo</span> 
     </span>
     <span class='ocr_line' id='line_1_17' title="bbox 211 2312 1364 2396; baseline 0.003 -22"><span class='ocrx_word' id='word_1_123' title='bbox 211 2321 290 2393; x_wconf 88' lang='lat' dir='ltr'>post</span> <span class='ocrx_word' id='word_1_124' title='bbox 311 2331 333 2374; x_wconf 89' lang='lat' dir='ltr'>a</span> <span class='ocrx_word' id='word_1_125' title='bbox 355 2312 460 2376; x_wconf 86' lang='lat' dir='ltr'>causis</span> <span class='ocrx_word' id='word_1_126' title='bbox 482 2321 516 2375; x_wconf 94' lang='lat' dir='ltr'>et</span> <span class='ocrx_word' id='word_1_127' title='bbox 531 2312 756 2376; x_wconf 82' lang='lat' dir='ltr'>axiomatibus</span> <span class='ocrx_word' id='word_1_128' title='bbox 777 2312 918 2374; x_wconf 89' lang='lat' dir='ltr'>inventis</span> <span class='ocrx_word' id='word_1_129' title='bbox 947 2312 1043 2376; x_wconf 85' lang='lat' dir='ltr'>facile</span> <span class='ocrx_word' id='word_1_130' title='bbox 1069 2325 1306 2396; x_wconf 86' lang='lat' dir='ltr'>expunguntur</span> <span class='ocrx_word' id='word_1_131' title='bbox 1331 2325 1364 2378; x_wconf 89' lang='lat' dir='ltr'>et</span> 
     </span>
     <span class='ocr_line' id='line_1_18' title="bbox 211 2413 1364 2496; baseline 0.003 -19"><span class='ocrx_word' id='word_1_132' title='bbox 211 2414 410 2496; x_wconf 87' lang='lat' dir='ltr'>rejiciuntur.</span> <span class='ocrx_word' id='word_1_133' title='bbox 456 2413 525 2478; x_wconf 87' lang='lat' dir='ltr'>Sed</span> <span class='ocrx_word' id='word_1_134' title='bbox 548 2425 660 2478; x_wconf 89' lang='lat' dir='ltr'>tamen</span> <span class='ocrx_word' id='word_1_135' title='bbox 682 2435 796 2478; x_wconf 88' lang='lat' dir='ltr'>verum</span> <span class='ocrx_word' id='word_1_136' title='bbox 818 2423 877 2488; x_wconf 87' lang='lat' dir='ltr'>est,</span> <span class='ocrx_word' id='word_1_137' title='bbox 902 2415 928 2476; x_wconf 90' lang='lat' dir='ltr'>si</span> <span class='ocrx_word' id='word_1_138' title='bbox 952 2417 985 2477; x_wconf 94' lang='lat' dir='ltr'>in</span> <span class='ocrx_word' id='word_1_139' title='bbox 1007 2414 1144 2480; x_wconf 88' lang='lat' dir='ltr'>historia</span> <span class='ocrx_word' id='word_1_140' title='bbox 1168 2417 1307 2481; x_wconf 84' lang='lat' dir='ltr'>naturali</span> <span class='ocrx_word' id='word_1_141' title='bbox 1331 2427 1364 2480; x_wconf 90' lang='lat' dir='ltr'>et</span> 
     </span>
    </p>
   </div>
   <div class='ocr_carea' id='block_1_5' title="bbox 211 2519 1486 2602">
    <p class='ocr_par' dir='ltr' id='par_1_5' title="bbox 211 2519 1486 2602">
     <span class='ocr_line' id='line_1_19' title="bbox 211 2519 1486 2602; baseline 0 -20"><span class='ocrx_word' id='word_1_142' title='bbox 211 2520 448 2602; x_wconf 88' lang='lat' dir='ltr'>experimentis</span> <span class='ocrx_word' id='word_1_143' title='bbox 466 2539 588 2600; x_wconf 84' lang='lat' dir='ltr'>magna</span> <span class='ocrx_word' id='word_1_144' title='bbox 606 2530 640 2583; x_wconf 89' lang='lat' dir='ltr'>et</span> <span class='ocrx_word' id='word_1_145' title='bbox 662 2519 775 2582; x_wconf 87' lang='lat' dir='ltr'>crebra</span> <span class='ocrx_word' id='word_1_146' title='bbox 796 2526 832 2582; x_wconf 92' lang='lat' dir='ltr'>et</span> <span class='ocrx_word' id='word_1_147' title='bbox 854 2519 1009 2582; x_wconf 90' lang='lat' dir='ltr'>continua</span> <span class='ocrx_word' id='word_1_148' title='bbox 1032 2519 1153 2584; x_wconf 88' lang='lat' dir='ltr'>fuerint</span> <span class='ocrx_word' id='word_1_149' title='bbox 1176 2531 1291 2594; x_wconf 82' lang='lat' dir='ltr'>enata,</span> <span class='ocrx_word' id='word_1_150' title='bbox 1309 2521 1365 2583; x_wconf 87' lang='lat' dir='ltr'>illa</span> <span class='ocrx_word' id='word_1_151' title='bbox 1476 2566 1486 2582; x_wconf 90' lang='lat'><strong>.</strong></span> 
     </span>
    </p>
   </div>
   <div class='ocr_carea' id='block_1_6' title="bbox 210 2622 1364 3435">
    <p class='ocr_par' dir='ltr' id='par_1_6' title="bbox 210 2622 1364 3435">
     <span class='ocr_line' id='line_1_20' title="bbox 211 2622 1364 2707; baseline 0.002 -20"><span class='ocrx_word' id='word_1_152' title='bbox 211 2625 301 2687; x_wconf 88' lang='lat' dir='ltr'>nulla</span> <span class='ocrx_word' id='word_1_153' title='bbox 322 2624 444 2707; x_wconf 85' lang='lat' dir='ltr'>ingenii</span> <span class='ocrx_word' id='word_1_154' title='bbox 467 2633 525 2686; x_wconf 88' lang='lat' dir='ltr'>aut</span> <span class='ocrx_word' id='word_1_155' title='bbox 546 2625 626 2687; x_wconf 86' lang='lat' dir='ltr'>artis</span> <span class='ocrx_word' id='word_1_156' title='bbox 648 2623 828 2687; x_wconf 84' lang='lat' dir='ltr'>foelicitate</span> <span class='ocrx_word' id='word_1_157' title='bbox 851 2622 967 2704; x_wconf 86' lang='lat' dir='ltr'>corrigi</span> <span class='ocrx_word' id='word_1_158' title='bbox 985 2635 1044 2687; x_wconf 91' lang='lat' dir='ltr'>aut</span> <span class='ocrx_word' id='word_1_159' title='bbox 1067 2627 1235 2688; x_wconf 89' lang='lat' dir='ltr'>emendari</span> <span class='ocrx_word' id='word_1_160' title='bbox 1259 2645 1364 2707; x_wconf 89' lang='lat' dir='ltr'>posse.</span> 
     </span>
     <span class='ocr_line' id='line_1_21' title="bbox 210 2727 1364 2811; baseline 0.001 -20"><span class='ocrx_word' id='word_1_161' title='bbox 210 2728 331 2810; x_wconf 86' lang='lat' dir='ltr'>ltaque</span> <span class='ocrx_word' id='word_1_162' title='bbox 353 2729 435 2792; x_wconf 88' lang='lat' dir='ltr'>siin</span> <span class='ocrx_word' id='word_1_163' title='bbox 457 2728 592 2792; x_wconf 88' lang='lat' dir='ltr'>historia</span> <span class='ocrx_word' id='word_1_164' title='bbox 615 2740 726 2792; x_wconf 87' lang='lat' dir='ltr'>nostra</span> <span class='ocrx_word' id='word_1_165' title='bbox 749 2727 898 2805; x_wconf 88' lang='lat' dir='ltr'>naturali,</span> <span class='ocrx_word' id='word_1_166' title='bbox 913 2747 998 2808; x_wconf 91' lang='lat' dir='ltr'>quae</span> <span class='ocrx_word' id='word_1_167' title='bbox 1021 2736 1116 2791; x_wconf 88' lang='lat' dir='ltr'>tanta</span> <span class='ocrx_word' id='word_1_168' title='bbox 1138 2729 1309 2811; x_wconf 85' lang='lat' dir='ltr'>diligentia</span> <span class='ocrx_word' id='word_1_169' title='bbox 1331 2737 1364 2792; x_wconf 91' lang='lat' dir='ltr'>et</span> 
     </span>
     <span class='ocr_line' id='line_1_22' title="bbox 211 2832 1363 2916; baseline 0 -20"><span class='ocrx_word' id='word_1_170' title='bbox 211 2833 385 2896; x_wconf 86' lang='lat' dir='ltr'>severitate</span> <span class='ocrx_word' id='word_1_171' title='bbox 408 2841 442 2896; x_wconf 90' lang='lat' dir='ltr'>et</span> <span class='ocrx_word' id='word_1_172' title='bbox 465 2832 533 2896; x_wconf 84' lang='lat' dir='ltr'>iere</span> <span class='ocrx_word' id='word_1_173' title='bbox 556 2833 712 2915; x_wconf 86' lang='lat' dir='ltr'>religione</span> <span class='ocrx_word' id='word_1_174' title='bbox 733 2832 874 2914; x_wconf 89' lang='lat' dir='ltr'>probata</span> <span class='ocrx_word' id='word_1_175' title='bbox 890 2841 924 2895; x_wconf 93' lang='lat' dir='ltr'>et</span> <span class='ocrx_word' id='word_1_176' title='bbox 947 2832 1087 2897; x_wconf 88' lang='lat' dir='ltr'>collecta</span> <span class='ocrx_word' id='word_1_177' title='bbox 1109 2845 1168 2911; x_wconf 86' lang='lat' dir='ltr'>est,</span> <span class='ocrx_word' id='word_1_178' title='bbox 1183 2835 1307 2916; x_wconf 91' lang='lat' dir='ltr'>aliquid</span> <span class='ocrx_word' id='word_1_179' title='bbox 1329 2835 1363 2896; x_wconf 92' lang='lat' dir='ltr'>in</span> 
     </span>
     <span class='ocr_line' id='line_1_23' title="bbox 210 2935 1364 3020; baseline 0.003 -21"><span class='ocrx_word' id='word_1_180' title='bbox 210 2937 462 3018; x_wconf 88' lang='lat' dir='ltr'>particularibus</span> <span class='ocrx_word' id='word_1_181' title='bbox 488 2937 687 3019; x_wconf 88' lang='lat' dir='ltr'>quandoque</span> <span class='ocrx_word' id='word_1_182' title='bbox 717 2937 822 3000; x_wconf 91' lang='lat' dir='ltr'>subsit</span> <span class='ocrx_word' id='word_1_183' title='bbox 852 2935 1005 3000; x_wconf 83' lang='lat' dir='ltr'>falsitatis</span> <span class='ocrx_word' id='word_1_184' title='bbox 1036 2948 1094 3001; x_wconf 91' lang='lat' dir='ltr'>aut</span> <span class='ocrx_word' id='word_1_185' title='bbox 1123 2940 1249 3014; x_wconf 88' lang='lat' dir='ltr'>erroris,</span> <span class='ocrx_word' id='word_1_186' title='bbox 1284 2939 1364 3020; x_wconf 90' lang='lat' dir='ltr'>quid</span> 
     </span>
     <span class='ocr_line' id='line_1_24' title="bbox 211 3040 1363 3123; baseline 0.002 -20"><span class='ocrx_word' id='word_1_187' title='bbox 211 3041 349 3103; x_wconf 90' lang='lat' dir='ltr'>tandem</span> <span class='ocrx_word' id='word_1_188' title='bbox 376 3042 419 3104; x_wconf 92' lang='lat' dir='ltr'>de</span> <span class='ocrx_word' id='word_1_189' title='bbox 449 3040 588 3103; x_wconf 88' lang='lat' dir='ltr'>naturali</span> <span class='ocrx_word' id='word_1_190' title='bbox 619 3040 754 3104; x_wconf 90' lang='lat' dir='ltr'>historia</span> <span class='ocrx_word' id='word_1_191' title='bbox 778 3040 914 3121; x_wconf 90' lang='lat' dir='ltr'>vulgari,</span> <span class='ocrx_word' id='word_1_192' title='bbox 942 3060 1027 3121; x_wconf 89' lang='lat' dir='ltr'>quae</span> <span class='ocrx_word' id='word_1_193' title='bbox 1051 3062 1130 3123; x_wconf 86' lang='lat' dir='ltr'>prae</span> <span class='ocrx_word' id='word_1_194' title='bbox 1157 3051 1269 3106; x_wconf 88' lang='lat' dir='ltr'>nostra</span> <span class='ocrx_word' id='word_1_195' title='bbox 1293 3052 1363 3106; x_wconf 87' lang='lat' dir='ltr'>tam</span> 
     </span>
     <span class='ocr_line' id='line_1_25' title="bbox 212 3141 1363 3228; baseline 0.003 -21"><span class='ocrx_word' id='word_1_196' title='bbox 212 3145 382 3228; x_wconf 89' lang='lat' dir='ltr'>negligens</span> <span class='ocrx_word' id='word_1_197' title='bbox 405 3153 508 3208; x_wconf 88' lang='lat' dir='ltr'>estet</span> <span class='ocrx_word' id='word_1_198' title='bbox 531 3144 643 3222; x_wconf 80' lang='lat' dir='ltr'>facilis,</span> <span class='ocrx_word' id='word_1_199' title='bbox 659 3145 837 3209; x_wconf 92' lang='lat' dir='ltr'>dicendum</span> <span class='ocrx_word' id='word_1_200' title='bbox 853 3141 938 3207; x_wconf 85' lang='lat' dir='ltr'>erit?</span> <span class='ocrx_word' id='word_1_201' title='bbox 959 3153 1016 3208; x_wconf 90' lang='lat' dir='ltr'>aut</span> <span class='ocrx_word' id='word_1_202' title='bbox 1039 3146 1081 3208; x_wconf 91' lang='lat' dir='ltr'>de</span> <span class='ocrx_word' id='word_1_203' title='bbox 1100 3144 1309 3228; x_wconf 89' lang='lat' dir='ltr'>philosophia</span> <span class='ocrx_word' id='word_1_204' title='bbox 1330 3155 1363 3210; x_wconf 87' lang='lat' dir='ltr'>et</span> 
     </span>
     <span class='ocr_line' id='line_1_26' title="bbox 211 3246 1363 3334; baseline -0.001 -22"><span class='ocrx_word' id='word_1_205' title='bbox 211 3249 355 3312; x_wconf 86' lang='lat' dir='ltr'>scientiis</span> <span class='ocrx_word' id='word_1_206' title='bbox 370 3269 468 3330; x_wconf 90' lang='lat' dir='ltr'>super</span> <span class='ocrx_word' id='word_1_207' title='bbox 482 3246 671 3329; x_wconf 89' lang='lat' dir='ltr'>hujusmodi</span> <span class='ocrx_word' id='word_1_208' title='bbox 685 3268 801 3311; x_wconf 86' lang='lat' dir='ltr'>arenas</span> <span class='ocrx_word' id='word_1_209' title='bbox 816 3246 881 3328; x_wconf 91' lang='lat' dir='ltr'>(vel</span> <span class='ocrx_word' id='word_1_210' title='bbox 897 3257 1003 3328; x_wconf 85' lang='lat' dir='ltr'>syrtes</span> <span class='ocrx_word' id='word_1_211' title='bbox 1018 3247 1142 3334; x_wconf 88' lang='lat' dir='ltr'>potius)</span> <span class='ocrx_word' id='word_1_212' title='bbox 1157 3249 1363 3314; x_wconf 85' lang='lat' dir='ltr'>aedificatis?</span> 
     </span>
     <span class='ocr_line' id='line_1_27' title="bbox 211 3351 1012 3435; baseline 0.001 -21"><span class='ocrx_word' id='word_1_213' title='bbox 211 3351 329 3435; x_wconf 87' lang='lat' dir='ltr'>Itaque</span> <span class='ocrx_word' id='word_1_214' title='bbox 344 3352 407 3416; x_wconf 96' lang='lat' dir='ltr'>hoc</span> <span class='ocrx_word' id='word_1_215' title='bbox 423 3353 511 3434; x_wconf 91' lang='lat' dir='ltr'>quod</span> <span class='ocrx_word' id='word_1_216' title='bbox 528 3352 673 3414; x_wconf 88' lang='lat' dir='ltr'>diximus</span> <span class='ocrx_word' id='word_1_217' title='bbox 687 3351 854 3414; x_wconf 92' lang='lat' dir='ltr'>neminem</span> <span class='ocrx_word' id='word_1_218' title='bbox 870 3361 1012 3416; x_wconf 82' lang='lat' dir='ltr'>moveat.</span> 
     </span>
    </p>
   </div>
   <div class='ocr_carea' id='block_1_7' title="bbox 720 3529 850 3595">
    <p class='ocr_par' dir='ltr' id='par_1_7' title="bbox 720 3529 850 3595">
     <span class='ocr_line' id='line_1_28' title="bbox 720 3529 850 3595; baseline -0.008 0"><span class='ocrx_word' id='word_1_219' title='bbox 720 3529 850 3595; x_wconf 92' lang='lat' dir='ltr'><strong>CXIX.</strong></span> 
     </span>
    </p>
   </div>
   <div class='ocr_carea' id='block_1_8' title="bbox 209 3661 1365 4160">
    <p class='ocr_par' dir='ltr' id='par_1_8' title="bbox 209 3661 1365 4160">
     <span class='ocr_line' id='line_1_29' title="bbox 255 3661 1364 3745; baseline -0.001 -18"><span class='ocrx_word' id='word_1_220' title='bbox 255 3662 437 3727; x_wconf 87' lang='lat' dir='ltr'>Occurrent</span> <span class='ocrx_word' id='word_1_221' title='bbox 453 3663 552 3726; x_wconf 90' lang='lat' dir='ltr'>etiam</span> <span class='ocrx_word' id='word_1_222' title='bbox 570 3663 602 3725; x_wconf 94' lang='lat' dir='ltr'>in</span> <span class='ocrx_word' id='word_1_223' title='bbox 617 3661 753 3725; x_wconf 90' lang='lat' dir='ltr'>historia</span> <span class='ocrx_word' id='word_1_224' title='bbox 769 3672 886 3744; x_wconf 76' lang='lat' dir='ltr'>nostra,</span> <span class='ocrx_word' id='word_1_225' title='bbox 898 3672 930 3726; x_wconf 91' lang='lat' dir='ltr'>et</span> <span class='ocrx_word' id='word_1_226' title='bbox 947 3664 1183 3744; x_wconf 87' lang='lat' dir='ltr'>experimentis</span> <span class='ocrx_word' id='word_1_227' title='bbox 1203 3663 1364 3745; x_wconf 90' lang='lat' dir='ltr'>plurimae</span> 
     </span>
     <span class='ocr_line' id='line_1_30' title="bbox 211 3765 1364 3849; baseline 0.002 -21"><span class='ocrx_word' id='word_1_228' title='bbox 211 3785 270 3842; x_wconf 84' lang='lat' dir='ltr'>res,</span> <span class='ocrx_word' id='word_1_229' title='bbox 283 3767 389 3849; x_wconf 91' lang='lat' dir='ltr'>primo</span> <span class='ocrx_word' id='word_1_230' title='bbox 405 3766 493 3829; x_wconf 89' lang='lat' dir='ltr'>leves</span> <span class='ocrx_word' id='word_1_231' title='bbox 509 3775 542 3829; x_wconf 93' lang='lat' dir='ltr'>et</span> <span class='ocrx_word' id='word_1_232' title='bbox 559 3766 723 3847; x_wconf 88' lang='lat' dir='ltr'>vulgatae,</span> <span class='ocrx_word' id='word_1_233' title='bbox 736 3765 857 3828; x_wconf 90' lang='lat' dir='ltr'>deinde</span> <span class='ocrx_word' id='word_1_234' title='bbox 865 3765 947 3829; x_wconf 92' lang='lat' dir='ltr'>viles</span> <span class='ocrx_word' id='word_1_235' title='bbox 957 3775 990 3829; x_wconf 89' lang='lat' dir='ltr'>et</span> <span class='ocrx_word' id='word_1_236' title='bbox 1002 3765 1186 3843; x_wconf 90' lang='lat' dir='ltr'>illiberales,</span> <span class='ocrx_word' id='word_1_237' title='bbox 1196 3775 1364 3848; x_wconf 90' lang='lat' dir='ltr'>postremo</span> 
     </span>
     <span class='ocr_line' id='line_1_31' title="bbox 211 3869 1364 3952; baseline 0.002 -21"><span class='ocrx_word' id='word_1_238' title='bbox 211 3871 308 3934; x_wconf 91' lang='lat' dir='ltr'>nimis</span> <span class='ocrx_word' id='word_1_239' title='bbox 331 3871 468 3934; x_wconf 91' lang='lat' dir='ltr'>subtiles</span> <span class='ocrx_word' id='word_1_240' title='bbox 495 3891 534 3934; x_wconf 92' lang='lat' dir='ltr'>ac</span> <span class='ocrx_word' id='word_1_241' title='bbox 565 3891 654 3934; x_wconf 90' lang='lat' dir='ltr'>mere</span> <span class='ocrx_word' id='word_1_242' title='bbox 684 3870 914 3951; x_wconf 86' lang='lat' dir='ltr'>speculativae,</span> <span class='ocrx_word' id='word_1_243' title='bbox 945 3880 978 3933; x_wconf 96' lang='lat' dir='ltr'>et</span> <span class='ocrx_word' id='word_1_244' title='bbox 1002 3871 1096 3952; x_wconf 90' lang='lat' dir='ltr'>quasi</span> <span class='ocrx_word' id='word_1_245' title='bbox 1121 3869 1240 3933; x_wconf 92' lang='lat' dir='ltr'>nullius</span> <span class='ocrx_word' id='word_1_246' title='bbox 1267 3892 1364 3934; x_wconf 90' lang='lat' dir='ltr'>usus:</span> 
     </span>
     <span class='ocr_line' id='line_1_32' title="bbox 210 3972 1365 4057; baseline 0 -19"><span class='ocrx_word' id='word_1_247' title='bbox 210 3973 299 4057; x_wconf 93' lang='lat' dir='ltr'>quod</span> <span class='ocrx_word' id='word_1_248' title='bbox 328 3995 433 4057; x_wconf 87' lang='lat' dir='ltr'>genus</span> <span class='ocrx_word' id='word_1_249' title='bbox 473 3995 580 4038; x_wconf 87' lang='lat' dir='ltr'>rerum</span> <span class='ocrx_word' id='word_1_250' title='bbox 614 3972 785 4037; x_wconf 91' lang='lat' dir='ltr'>hominum</span> <span class='ocrx_word' id='word_1_251' title='bbox 825 3974 935 4038; x_wconf 90' lang='lat' dir='ltr'>studia</span> <span class='ocrx_word' id='word_1_252' title='bbox 967 3985 1116 4038; x_wconf 90' lang='lat' dir='ltr'>avertere</span> <span class='ocrx_word' id='word_1_253' title='bbox 1157 3983 1190 4037; x_wconf 88' lang='lat' dir='ltr'>et</span> <span class='ocrx_word' id='word_1_254' title='bbox 1221 3975 1365 4038; x_wconf 87' lang='lat' dir='ltr'>alienare</span> 
     </span>
     <span class='ocr_line' id='line_1_33' title="bbox 209 4077 361 4160; baseline 0.013 -19"><span class='ocrx_word' id='word_1_255' title='bbox 209 4079 315 4160; x_wconf 88' lang='lat' dir='ltr'>possit</span> <span class='ocrx_word' id='word_1_256' title='bbox 324 4077 361 4143; x_wconf 82' lang='lat'>³⁵.</span> 
     </span>
    </p>
   </div>
   <div class='ocr_carea' id='block_1_9' title="bbox 209 4314 1364 4638">
    <p class='ocr_par' dir='ltr' id='par_1_9' title="bbox 209 4314 1364 4554">
     <span class='ocr_line' id='line_1_34' title="bbox 245 4314 1364 4384; baseline -0.002 -14"><span class='ocrx_word' id='word_1_257' title='bbox 245 4314 269 4348; x_wconf 79' lang='lat'>⁸⁴</span> <span class='ocrx_word' id='word_1_258' title='bbox 287 4316 363 4370; x_wconf 83' lang='lat' dir='ltr'>That</span> <span class='ocrx_word' id='word_1_259' title='bbox 376 4318 406 4383; x_wconf 88' lang='lat' dir='ltr'>is,</span> <span class='ocrx_word' id='word_1_260' title='bbox 417 4316 466 4371; x_wconf 90' lang='lat' dir='ltr'>the</span> <span class='ocrx_word' id='word_1_261' title='bbox 479 4319 610 4384; x_wconf 81' lang='lat' dir='ltr'>‘regnum</span> <span class='ocrx_word' id='word_1_262' title='bbox 623 4315 758 4370; x_wconf 87' lang='lat' dir='ltr'>hominls.’</span> <span class='ocrx_word' id='word_1_263' title='bbox 790 4314 845 4368; x_wconf 90' lang='lat' dir='ltr'>But</span> <span class='ocrx_word' id='word_1_264' title='bbox 857 4314 924 4368; x_wconf 90' lang='lat' dir='ltr'>then</span> <span class='ocrx_word' id='word_1_265' title='bbox 937 4315 991 4368; x_wconf 92' lang='lat' dir='ltr'>this</span> <span class='ocrx_word' id='word_1_266' title='bbox 1005 4315 1110 4383; x_wconf 86' lang='lat' dir='ltr'>victory</span> <span class='ocrx_word' id='word_1_267' title='bbox 1123 4331 1191 4368; x_wconf 84' lang='lat' dir='ltr'>over</span> <span class='ocrx_word' id='word_1_268' title='bbox 1202 4321 1299 4369; x_wconf 87' lang='lat' dir='ltr'>nature</span> <span class='ocrx_word' id='word_1_269' title='bbox 1312 4332 1364 4368; x_wconf 91' lang='lat' dir='ltr'>can</span> 
     </span>
     <span class='ocr_line' id='line_1_35' title="bbox 210 4397 1364 4476; baseline -0.005 -20"><span class='ocrx_word' id='word_1_270' title='bbox 210 4400 276 4470; x_wconf 86' lang='lat' dir='ltr'>only</span> <span class='ocrx_word' id='word_1_271' title='bbox 287 4399 322 4453; x_wconf 91' lang='lat' dir='ltr'>be</span> <span class='ocrx_word' id='word_1_272' title='bbox 340 4400 471 4470; x_wconf 86' lang='lat' dir='ltr'>acquired</span> <span class='ocrx_word' id='word_1_273' title='bbox 489 4399 524 4469; x_wconf 84' lang='lat' dir='ltr'>by</span> <span class='ocrx_word' id='word_1_274' title='bbox 538 4401 643 4476; x_wconf 69' lang='lat' dir='ltr'>patient</span> <span class='ocrx_word' id='word_1_275' title='bbox 661 4398 836 4453; x_wconf 85' lang='lat' dir='ltr'>observation</span> <span class='ocrx_word' id='word_1_276' title='bbox 853 4397 885 4452; x_wconf 80' lang='lat' dir='ltr'>of</span> <span class='ocrx_word' id='word_1_277' title='bbox 899 4397 949 4450; x_wconf 90' lang='lat' dir='ltr'>her</span> <span class='ocrx_word' id='word_1_278' title='bbox 961 4413 1046 4466; x_wconf 87' lang='lat' dir='ltr'>ways.</span> <span class='ocrx_word' id='word_1_279' title='bbox 1083 4397 1206 4452; x_wconf 84' lang='lat' dir='ltr'>‘Natura</span> <span class='ocrx_word' id='word_1_280' title='bbox 1221 4399 1294 4450; x_wconf 85' lang='lat' dir='ltr'>enim</span> <span class='ocrx_word' id='word_1_281' title='bbox 1308 4415 1364 4451; x_wconf 94' lang='lat' dir='ltr'>non</span> 
     </span>
     <span class='ocr_line' id='line_1_36' title="bbox 209 4483 542 4554; baseline -0.012 -14"><span class='ocrx_word' id='word_1_282' title='bbox 209 4485 261 4540; x_wconf 82' lang='lat' dir='ltr'>nist</span> <span class='ocrx_word' id='word_1_283' title='bbox 274 4483 395 4554; x_wconf 80' lang='lat' dir='ltr'>parendo</span> <span class='ocrx_word' id='word_1_284' title='bbox 407 4485 542 4537; x_wconf 70' lang='lat' dir='ltr'>vlncltur!</span> 
     </span>
    </p>

    <p class='ocr_par' dir='ltr' id='par_1_10' title="bbox 247 4563 1364 4638">
     <span class='ocr_line' id='line_1_37' title="bbox 247 4563 1364 4638; baseline -0.005 -15"><span class='ocrx_word' id='word_1_285' title='bbox 247 4565 269 4600; x_wconf 71' lang='lat'>⁸⁶</span> <span class='ocrx_word' id='word_1_286' title='bbox 289 4567 321 4623; x_wconf 91' lang='lat' dir='ltr'>In</span> <span class='ocrx_word' id='word_1_287' title='bbox 334 4565 387 4622; x_wconf 91' lang='lat' dir='ltr'>this</span> <span class='ocrx_word' id='word_1_288' title='bbox 399 4568 453 4624; x_wconf 87' lang='lat' dir='ltr'>aud</span> <span class='ocrx_word' id='word_1_289' title='bbox 465 4567 513 4624; x_wconf 86' lang='lat' dir='ltr'>the</span> <span class='ocrx_word' id='word_1_290' title='bbox 526 4575 581 4622; x_wconf 90' lang='lat' dir='ltr'>two</span> <span class='ocrx_word' id='word_1_291' title='bbox 595 4574 663 4622; x_wconf 77' lang='lat' dir='ltr'>next</span> <span class='ocrx_word' id='word_1_292' title='bbox 675 4566 844 4638; x_wconf 89' lang='lat' dir='ltr'>Aphorisms,</span> <span class='ocrx_word' id='word_1_293' title='bbox 856 4581 898 4620; x_wconf 85' lang='lat' dir='ltr'>ne</span> <span class='ocrx_word' id='word_1_294' title='bbox 914 4563 981 4620; x_wconf 85' lang='lat' dir='ltr'>have</span> <span class='ocrx_word' id='word_1_295' title='bbox 994 4564 1073 4620; x_wconf 86' lang='lat' dir='ltr'>three</span> <span class='ocrx_word' id='word_1_296' title='bbox 1090 4565 1234 4634; x_wconf 74' lang='lat' dir='ltr'>apologias,</span> <span class='ocrx_word' id='word_1_297' title='bbox 1247 4565 1364 4636; x_wconf 82' lang='lat' dir='ltr'>namely,</span> 
     </span>
    </p>
   </div>
   <div class='ocr_carea' id='block_1_10' title="bbox 0 0 1666 5110">
    <p class='ocr_par' dir='ltr' id='par_1_11' title="bbox 0 0 1666 5110">
     <span class='ocr_line' id='line_1_38' title="bbox 0 0 1666 5110; baseline 0 0"><span class='ocrx_word' id='word_1_298' title='bbox 0 0 1666 5110; x_wconf 95' lang='lat' dir='ltr'> </span> 
     </span>
    </p>
   </div>
  </div>
 </body>
</html>
