3306 5102
636 449 716 507 ΗΒ.
740 449 784 507 ΙΙ.
809 457 861 526 27.
1261 461 1326 526 4²9

172 614 318 699 gignitur
339 611 501 679 claritudo
525 619 559 676 et
582 611 739 694 splendor
761 613 794 675 in
817 612 972 695 utrisque,
988 631 1048 694 per
1070 612 1326 694 percolationem

173 722 326 784 nimirum
353 728 488 783 tenuem
514 726 547 780 et
573 726 771 780 accuratam.
818 717 907 780 Nam
931 717 1009 780 inde
1035 717 1073 780 lit
1103 718 1212 796 etiam,
1236 719 1326 801 quod

173 824 232 906 pili
262 822 455 888 animalium
485 840 550 883 non
576 821 642 883 sint
668 829 739 884 tarn
762 820 889 903 pulchri
916 829 950 884 et
980 830 1049 884 tam
1078 822 1179 885 vividi
1210 822 1328 885 coloris

175 948 276 1009 quarn
295 927 406 990 avium
424 925 558 1008 plumae
578 923 783 1005 complures:
806 925 883 1006 quia
902 925 990 988 succi
1011 944 1077 988 non
1095 934 1166 989 tam
1187 925 1329 989 delicate

176 1032 385 1115 percolantur
398 1048 458 1113 per
472 1037 581 1092 cutem
598 1048 699 1109 quam
715 1048 775 1110 per
790 1027 963 1093 calamum.

221 1136 307 1199 Item
325 1133 500 1197 instantiae
516 1131 696 1212 conformes
713 1139 791 1194 sunt
809 1141 953 1195 scrotum
973 1131 1006 1194 in
1027 1129 1224 1196 animalibus
1243 1154 1330 1197 mas·

178 1239 268 1317 culis,
284 1248 317 1302 et
339 1237 461 1300 matrix
480 1237 513 1299 in
533 1234 682 1298 femellis
727 1233 828 1297 Adeo
852 1243 889 1297 ut
912 1235 1030 1297 nobilis
1053 1235 1108 1298 illa
1127 1236 1249 1300 fabrica
1271 1259 1331 1320 per

179 1363 280 1424 quam
304 1361 405 1404 sexus
432 1338 587 1402 differunt
614 1335 792 1422 (quatenus
818 1338 861 1401 ad
889 1338 1043 1400 animalia
1069 1339 1256 1426 terrestria),
1284 1341 1329 1404 nil

179 1447 268 1511 aliud
294 1446 446 1509 videatur
472 1463 552 1520 esse,
568 1463 668 1525 quam
696 1444 879 1506 secundum
906 1443 1051 1506 exterius
1079 1452 1112 1506 et
1139 1445 1330 1525 interius⁸⁶;

178 1551 211 1615 vi
241 1549 365 1613 scilicet
396 1547 521 1628 majore
552 1546 667 1610 caloris
697 1547 855 1630 genitalia
891 1547 924 1609 in
955 1567 1039 1609 sexu
1071 1547 1219 1611 masculo
1256 1571 1331 1631 pro-

179 1656 333 1720 trudente
360 1653 392 1714 in
419 1651 573 1729 exterius,
600 1651 656 1713 ubi
681 1652 713 1712 in
741 1650 880 1714 femellis
907 1651 1004 1713 nimis
1027 1651 1144 1714 debilis
1167 1661 1217 1716 est
1244 1654 1333 1716 calor

180 1777 280 1842 quarn
303 1766 340 1819 ut
363 1755 426 1818 hoc
449 1754 556 1818 lacere
577 1754 703 1837 possit;
736 1755 825 1817 unde
846 1755 967 1818 accidit
989 1756 1079 1836 quod
1103 1757 1333 1821 contineantur

181 1861 325 1925 interius.

225 1965 312 2028 Item
329 1965 507 2028 instantiae
522 1963 700 2044 eorefarmes
720 1973 798 2027 sunt
820 1965 941 2046 pinnae
963 1964 1102 2046 piscium
1113 1962 1148 2040 ⁸⁷,
1174 1974 1208 2028 et
1230 1966 1333 2047 pedes

182 2069 441 2150 quadrupedum,
468 2077 525 2132 aut
550 2069 652 2150 pedes
675 2078 709 2132 et
732 2067 805 2131 alae
834 2069 1025 2147 volucrum;
1058 2070 1178 2152 quibus
1204 2070 1333 2134 addidit

183 2171 381 2235 Aristoteles
407 2181 548 2254 quatuor
573 2172 742 2235 volumina
768 2172 801 2235 in
826 2181 919 2236 motu
943 2182 1133 2256 serpentum
1144 2171 1179 2240 ⁸⁸.
1233 2174 1334 2239 Adeo

183 2286 221 2339 ut
246 2276 278 2338 in
306 2275 428 2340 fabrica
458 2276 600 2340 universi
631 2285 740 2340 motus
771 2276 951 2340 viventium
978 2277 1158 2361 plemnque
1185 2279 1336 2344 videatur

184 2381 332 2461 expediri
348 2399 408 2462 per
423 2380 654 2462 quaterniones
669 2389 800 2443 artuum
816 2380 884 2444 sive
899 2379 1091 2445 flexionum.

223 2547 244 2580 ⁹⁸
263 2549 346 2602 ‘This
364 2549 474 2602 remark
490 2565 579 2602 seems
597 2555 627 2602 to
646 2548 713 2602 have
732 2549 802 2602 been
820 2551 965 2618 suggested
983 2550 1019 2620 by
1032 2567 1048 2604 a
1061 2551 1161 2603 similar
1179 2567 1288 2618 passage
1308 2553 1335 2604 in

185 2632 319 2698 Telesius,
336 2635 378 2686 De
395 2633 491 2687 Rerum
512 2633 630 2698 Natura,
650 2634 683 2686 vi.
706 2633 944 2687 18:-“Masculo
963 2671 970 2688 .
990 2672 997 2688 .
1017 2672 1024 2687 .
1044 2673 1051 2688 .
1070 2650 1183 2700 magnus
1196 2634 1275 2687 datus
1294 2641 1336 2688 est

185 2717 268 2783 calor,
293 2717 340 2785 qui
364 2723 393 2770 et
416 2716 572 2770 membrum
596 2716 714 2783 genitale
738 2715 810 2770 foras
831 2716 965 2785 propellat
987 2721 1016 2770 et
1037 2715 1196 2783 sanguinem
1218 2719 1335 2770 multum

185 2799 312 2869 beneque
325 2815 436 2852 omnem
448 2807 623 2867 compactum
636 2799 771 2866 conficiat,
785 2801 836 2853 dec.
874 2800 1022 2853 Foeminae
1035 2806 1128 2853 autem
1143 2839 1149 2853 .
1164 2839 1171 2854 .
1187 2839 1193 2853 .
1206 2801 1337 2868 languens

186 2883 287 2936 inditus
308 2889 349 2936 est
370 2883 453 2950 calor,
474 2884 521 2952 qui
544 2899 633 2952 neque
655 2883 773 2949 genitale
794 2900 840 2936 vas
861 2882 933 2936 foras
954 2884 1107 2952 propellere
1129 2900 1180 2937 nec
1199 2901 1214 2938 e
1233 2885 1337 2938 semine

187 2967 313 3033 spiritum
326 2967 445 3020 educere
457 2967 568 3036 queat.”
606 2965 670 3019 The
683 2966 809 3019 doctrine
821 2966 949 3020 however
967 2966 999 3020 oi
1013 2967 1067 3020 this
1085 2983 1195 3036 passage
1212 2985 1267 3022 was
1280 2969 1338 3020 first

188 3049 284 3116 taught
307 3050 343 3120 by
365 3051 460 3118 Galen,
482 3049 555 3103 from
577 3050 668 3103 whom
690 3049 815 3104 Telesius
834 3050 945 3104 derived
967 3051 996 3104 it.
1034 3053 1086 3104 See
1108 3052 1204 3118 Galen,
1223 3053 1264 3107 De
1286 3053 1337 3105 Usu

188 3135 318 3199 Fortium,
332 3134 384 3187 xiv.
397 3133 432 3187 6!
470 3133 527 3187 Mr.
541 3133 615 3187 Ellis’
628 3139 703 3188 note.

223 3213 244 3248 ⁸⁷
264 3217 334 3271 This
346 3218 467 3287 analogy‚
480 3234 511 3270 so
524 3216 565 3270 iar
577 3233 606 3271 as
618 3217 700 3281 birds,
714 3217 896 3286 quadrupeda
909 3219 962 3271 and
976 3218 1056 3272 fishes
1071 3235 1118 3272 are
1137 3219 1303 3286 concerned,
1316 3221 1339 3273 is

190 3301 365 3368 agoodone.
403 3301 429 3355 lt
446 3317 544 3356 occurs
559 3301 629 3355 both
646 3301 673 3354 in
687 3302 820 3356 Aristotle
837 3302 891 3355 and
909 3302 997 3372 Pliny.
1035 3304 1086 3356 See
1100 3305 1184 3358 Arist.
1198 3305 1271 3356 Hist.
1285 3305 1338 3360 An.

189 3383 207 3437 ἰ.
222 3403 236 3450 5
251 3385 356 3456 (Berlin
375 3385 436 3454 Ed,
453 3402 480 3454 p.
495 3403 546 3452 490
559 3401 583 3439 a.
599 3388 641 3452 26,
654 3383 733 3454 &c.):
753 3387 865 3440 Κινεῖται
880 3385 907 3440 δι’
922 3387 955 3440 τὰ
972 3386 1105 3454 κινούμενα
1121 3388 1203 3442 πάντα
1215 3389 1339 3454 τέτταρσι

190 3467 304 3536 σημείοις
316 3467 331 3536 ἢ
343 3469 458 3532 πλείοσι,
471 3469 503 3522 rd
515 3469 562 3538 pin
573 3469 662 3537 ἔναιμα
678 3468 800 3540 τέτταρσι
814 3470 900 3538 μόνον,
914 3466 969 3523 οἷον
985 3468 1118 3538 ἅνθρωπος
1130 3471 1177 3537 μὲν
1189 3471 1266 3542 χερσὶ
1279 3471 1340 3524 δυσὶ

190 3552 231 3605 rol
242 3552 306 3605 noni
318 3551 404 3616 δυσίν,
417 3550 486 3619 ὅρνις
498 3552 526 3606 δὲ
538 3552 645 3622 πτέρυξι
658 3552 719 3607 δυσὶ
732 3555 773 3606 καὶ
784 3553 849 3607 ποσὶ
862 3552 932 3614 duar',
945 3554 977 3606 rd
995 3553 1022 3605 δὲ
1040 3553 1184 3621 τετράποδα
1201 3555 1240 3607 καὶ
1255 3551 1342 3623 ἰχθύες

189 3635 222 3688 τὰ
234 3635 280 3700 μὲν
292 3636 412 3706 τέτταρσι
424 3635 513 3701 ποσίν,
526 3636 550 3688 ol
568 3635 596 3688 δὲ
614 3635 737 3704 τέτταρσι
750 3635 905 3704 πτερυγίοις.
936 3634 1008 3689 'Onu
1024 3635 1052 3689 δὲ
1065 3635 1111 3688 δύο
1123 3637 1177 3705 ἔχει
1189 3635 1313 3704 πτερύγια
1327 3634 1341 3702 ἢ

190 3717 258 3773 ὅλας
269 3717 313 3786 μή,
325 3714 380 3771 οἶον
391 3716 461 3787 ὄφις,
473 3717 595 3788 τέτταρσι
608 3718 724 3786 σημείοις
736 3717 811 3771 οὐθὲν
823 3716 905 3786 ἦττον·
918 3718 945 3770 ul
957 3719 1007 3788 γὰρ
1019 3721 1115 3787 superni
1129 3718 1255 3785 τέτταρες,
1268 3715 1283 3784 ἦ
1296 3717 1343 3771 δύο

192 3799 241 3855 σὺν
253 3803 308 3857 τοῖς
318 3801 474 3873 πτερυγίοις.
503 3800 575 3854 ‘Oua
595 3799 617 3853 δ’
635 3799 729 3868 ἄναιμα
747 3799 808 3854 ὄντα
825 3799 930 3855 πλείους
948 3799 1030 3855 πόδας
1046 3801 1110 3870 ἔχει,
1126 3799 1176 3854 εἴτε
1193 3801 1276 3866 πτηνὰ
1293 3797 1343 3854 εἴτε

191 3885 263 3951 πεζά,
282 3884 398 3952 σημείοις
416 3887 519 3938 κινεῖται
537 3883 666 3952 πλείοσιν,
682 3886 766 3937 κ.τ.λ.
804 3884 854 3951 Cp.
873 3883 918 3935 De
935 3883 1047 3935 incessu
1065 3882 1239 3949 Animalium,
1255 3885 1272 3937 i.
1289 3899 1313 3948 7,
1328 3889 1342 3936 8

193 3967 297 4036 (Berlin
311 3969 371 4035 Ed,
384 3985 429 4037 pp.
443 3967 553 4037 707—8).
590 3968 641 4020 See
663 3966 720 4020 also
739 3966 827 4034 Pliny,
847 3965 910 4018 Nat.
931 3966 1005 4019 Hist.
1025 3967 1061 4019 ix.
1079 3966 1123 4019 ch.
1139 3983 1171 4017 το
1187 3967 1264 4026 (sect.
1280 3981 1293 4030 7
1299 3967 1343 4034 3):

192 4050 279 4104 ‘ldeo
298 4052 442 4119 pinnarum
464 4067 575 4120 quoque
596 4049 665 4102 fiunt
685 4048 849 4114 discrimina,
873 4065 944 4117 quae
967 4048 1068 4116 pedum
1093 4049 1152 4102 vice
1176 4055 1239 4101 sunt
1264 4049 1366 4103 datae'

192 4133 326 4202 piscibus:
351 4135 430 4188 nullis
448 4151 529 4202 supra
546 4139 709 4202 quaternas:
733 4131 894 4200 quibusdam
914 4131 1003 4197 binae,
1023 4132 1156 4202 aliquibus
1174 4131 1271 4185 nullae.
1312 4133 1344 4184 ln

195 4217 301 4270 Fucino
314 4226 423 4270 tantum
436 4219 497 4271 lacu
510 4217 589 4286 piscis
602 4223 652 4282 est,
665 4214 713 4285 qui
725 4215 833 4268 octonis
845 4215 934 4283 pinnis
947 4215 1041 4268 natat!

230 4299 252 4330 ⁸³
270 4303 322 4354 See
344 4301 392 4354 the
412 4308 469 4355 two
490 4317 614 4370 passages
636 4299 708 4352 from
730 4299 861 4352 Aristotle
883 4298 1007 4352 referred
1028 4305 1058 4352 to
1080 4299 1107 4351 in
1129 4297 1176 4352 the
1197 4297 1250 4352 last
1271 4305 1347 4353 note.

196 4383 266 4436 This
279 4384 301 4436 is
313 4401 329 4436 a
339 4387 347 4414 ‘
354 4384 458 4452 glaring
470 4383 609 4436 instance'
622 4381 654 4435 of
664 4383 710 4436 the
723 4382 862 4450 tendency
874 4380 908 4434 of
916 4381 964 4435 the
974 4381 1073 4436 human
1087 4381 1162 4434 mind
1176 4383 1347 4450 ‘supponere

195 4467 330 4536 majorem
351 4468 477 4522 ordinem
497 4471 526 4520 et
546 4467 739 4535 aequalitatem
761 4465 788 4518 in
808 4465 890 4519 rebus
911 4481 994 4533 quarn
1016 4465 1133 4520 invenit’
1156 4470 1185 4520 et
1205 4464 1347 4531 ‘affingere

196 4551 324 4618 parallela
336 4559 365 4605 et
378 4549 622 4621 correspondentia
634 4555 663 4604 et
675 4549 786 4604 relativa
798 4563 869 4619 quae
882 4565 938 4602 non
950 4547 1030 4602 sunt!
