3308 5106
305 407 365 492 158
752 419 1006 476 PRAEFATIO.

299 603 434 648 omnem
457 582 548 646 illam
574 582 731 648 librorum
749 585 944 650 varietatem
967 605 1033 667 qua
1056 592 1143 648 artes
1165 594 1199 649 et
1220 585 1376 652 scientiae
1395 607 1454 652 ex·

300 687 409 751 ultant
438 688 629 771 diligentius
659 689 873 771 introspiciat,
904 689 1027 771 ubique
1059 688 1202 752 inveniet
1233 688 1380 772 ejusdem
1410 691 1454 754 rei

300 792 512 875 repetitiones
525 791 677 866 infinitas,
691 791 855 857 tractandi
873 792 979 855 modis
994 792 1149 867 diversas,
1162 793 1350 858 inventione
1361 815 1454 877 prae·

298 906 497 978 occupatas3
528 905 565 959 ut
584 896 696 960 omnia
719 897 826 978 primo
845 896 966 960 intuitu
988 915 1171 974 numerosa,
1189 897 1277 962 sacto
1301 899 1454 962 examine

298 1020 405 1082 pauca
442 1000 652 1082 reperiantur.
713 1000 759 1063 Et
789 1002 832 1064 de
862 998 1006 1063 utilitate
1039 1008 1153 1081 aperte
1186 1000 1363 1064 dicendum
1394 1012 1452 1080 est,

298 1104 494 1188 sapientiam
513 1103 610 1167 istam
626 1124 726 1186 quam
742 1124 762 1167 a
782 1102 915 1168 Graecis
934 1101 1142 1185 potissimum
1162 1101 1332 1167 hausimus
1347 1107 1453 1188 pueri·

298 1210 379 1273 tiam
401 1207 571 1290 quandam
594 1207 750 1271 scientiae
772 1207 884 1284 videri,
904 1214 1006 1288 atque
1028 1204 1150 1269 habere
1172 1207 1261 1289 quod
1286 1210 1451 1291 proprium

298 1321 348 1376 est
378 1331 564 1395 puerorum,
591 1320 629 1374 ut
659 1310 702 1374 ad
732 1310 940 1393 garriendum
970 1317 1133 1391 prompta,
1161 1311 1203 1372 ad
1227 1313 1451 1390 generandum

298 1417 442 1482 invalida
454 1425 487 1480 et
498 1417 675 1480 immatura
687 1415 739 1479 sit.
786 1412 1091 1479 Controuersiarum
1104 1413 1192 1477 enirn
1204 1413 1305 1492 ferax,
1315 1435 1450 1497 operum

298 1521 417 1586 effoeta
432 1529 492 1584 est.
538 1519 639 1583 Adeo
653 1528 690 1582 ut
705 1518 816 1582 fabula
833 1517 888 1581 illa
904 1518 948 1581 de
960 1515 1074 1598 Scylla
1089 1516 1122 1579 in
1137 1517 1303 1580 literarum
1319 1528 1451 1598 statum,

297 1625 403 1710 qualis
424 1625 573 1702 habetur,
591 1625 634 1688 ad
652 1624 764 1688 vivum
783 1624 945 1706 quadrare
959 1622 1129 1699 videatur;
1151 1641 1237 1703 quae
1259 1622 1393 1704 virginis
1412 1644 1450 1686 os

297 1740 331 1794 et
345 1731 473 1794 vultum
490 1727 618 1807 extulit,
634 1728 676 1792 ad
697 1736 826 1790 uterum
841 1748 919 1790 vero
941 1736 1088 1789 monstra
1112 1724 1264 1789 latrantia
1284 1727 1450 1810 succinge·

296 1834 418 1897 bantur
442 1841 475 1896 et
501 1830 736 1895 adhaerebant.
790 1829 844 1893 Ita
869 1829 995 1893 habent
1019 1838 1053 1892 et
1079 1829 1234 1892 scientiae
1260 1829 1378 1912 quibus
1402 1830 1450 1894 in·

297 1939 462 2001 suevimus
479 1933 645 2016 generalia
665 1935 831 2015 quaedam
850 1932 1052 1996 blandientia
1071 1941 1105 1995 et
1124 1932 1280 2015 speciosa,
1296 1934 1355 1996 sed
1375 1954 1448 1997 cum

297 2042 339 2104 ad
367 2039 575 2123 particularia
598 2048 735 2102 ventum
759 2038 810 2116 sit,
831 2037 933 2101 veluti
960 2037 1002 2100 ad
1028 2047 1138 2119 partes
1163 2035 1390 2118 generationis,
1412 2047 1449 2102 ut

296 2144 437 2207 fructum
457 2151 490 2206 et
505 2162 605 2225 opera
623 2161 668 2204 ex
687 2161 723 2203 se
745 2141 855 2220 edant,
871 2149 944 2204 turn
959 2139 1185 2205 contentiones
1201 2148 1233 2203 et
1249 2139 1449 2204 oblatrantes

296 2247 535 2330 disputationes
567 2244 768 2322 exoriuntur,
795 2244 827 2306 in
854 2265 937 2327 quas
968 2244 1130 2320 desinunt,
1158 2251 1192 2306 et
1221 2263 1307 2325 quae
1336 2253 1449 2326 partus

296 2351 405 2414 locum
428 2351 591 2414 obtinent.
637 2347 818 2427 Praeterea,
841 2348 868 2411 si
888 2347 1078 2428 hujusmodi
1101 2346 1257 2410 scientiae
1277 2347 1375 2429 plane
1397 2367 1448 2412 res

297 2464 426 2518 mortua
444 2473 509 2516 non
528 2460 645 2528 essent,
662 2451 695 2514 id
720 2452 855 2514 minime
870 2452 1000 2515 videtur
1020 2459 1214 2513 eventurum
1236 2449 1335 2514 luisse
1358 2453 1447 2532 quod

295 2579 355 2640 per
377 2557 482 2621 multa
503 2556 572 2639 jam
596 2555 726 2619 saecula
750 2577 810 2618 usu
830 2557 928 2634 venit,
949 2565 987 2619 ut
1011 2554 1085 2618 illae
1109 2553 1176 2616 suis
1201 2554 1358 2618 immotae
1381 2554 1449 2619 lere

294 2662 451 2726 haereant
461 2660 614 2742 vestigiis,
624 2678 684 2723 nec
694 2659 894 2723 incrementa
903 2679 1024 2742 genere
1033 2658 1178 2721 humano
1188 2659 1288 2739 digna
1297 2668 1446 2721 sumant:

295 2786 335 2828 eo
351 2787 462 2848 usque,
480 2774 517 2828 ut
537 2783 774 2846 saepenumero
795 2783 860 2826 non
880 2762 986 2826 solum
1005 2763 1142 2826 assertio
1164 2772 1295 2825 maneat
1310 2763 1446 2826 assertio

294 2871 470 2933 sedetiam
489 2869 638 2950 quaestio
658 2877 791 2932 maneat
810 2868 968 2950 quaesti0,
985 2875 1019 2930 et
1041 2887 1100 2948 per
1118 2865 1357 2948 disputationes
1380 2886 1446 2929 non

294 2972 440 3036 solvatur
462 2974 520 3035 sed
543 2972 663 3053 figatur
688 2981 721 3034 et
743 2971 857 3050 alatur,
876 2971 1048 3052 omnisque
1070 2970 1203 3033 traditio
1227 2978 1261 3033 et
1283 2969 1446 3033 successio

294 3075 538 3158 disciplinarum
562 3082 785 3156 repraesentet
811 3084 844 3138 et
871 3075 1028 3137 exhibeat
1058 3091 1214 3155 personas
1242 3073 1388 3156 magistri
1412 3083 1445 3136 et

293 3179 458 3257 auditoris,
476 3199 540 3242 non
559 3179 737 3243 inventoris
759 3187 793 3243 et
812 3178 882 3260 ejus
901 3179 956 3262 qui
980 3179 1121 3242 inventis
1143 3177 1265 3259 aliquid
1285 3177 1444 3241 eximium

293 3283 437 3364 adjiciat.
493 3283 533 3346 In
559 3283 683 3347 artibus
713 3291 826 3346 autem
858 3282 1056 3346 mechanicis
1087 3284 1284 3346 contrarium
1316 3282 1444 3345 evenire

292 3387 462 3465 videmus;
485 3407 579 3469 quae,
593 3406 632 3449 ac
652 3388 678 3450 si
700 3407 799 3451 aurae
814 3385 985 3469 cujusdam
1003 3386 1112 3449 vitalis
1132 3385 1239 3450 forent
1260 3385 1444 3468 participes,

292 3490 440 3572 quotidie
460 3499 610 3554 crescunt
626 3498 659 3552 et
673 3490 894 3571 perficiuntur,
909 3498 943 3553 ct
959 3490 991 3551 in
1010 3489 1123 3572 primis
1138 3487 1331 3553 authoribus
1346 3488 1443 3551 rudes

290 3592 472 3676 plerunque
493 3602 527 3656 et
547 3591 614 3655 sere
634 3612 791 3656 onerosae
814 3601 847 3654 et
869 3592 1024 3655 informes
1042 3602 1211 3674 apparent,
1227 3601 1343 3674 postea
1365 3611 1443 3655 vero

291 3717 392 3760 novas
421 3698 559 3760 virtutes
589 3703 622 3759 et
649 3696 920 3760 commoditatem
950 3697 1117 3778 quandam
1146 3696 1380 3779 adipiscuntur,
1403 3716 1443 3758 eo

290 3821 402 3882 usque,
426 3810 462 3864 ut
489 3800 585 3863 citius
608 3800 718 3863 studia
744 3799 916 3863 hominurn
943 3809 976 3863 et
1004 3802 1202 3883 cupiditates
1227 3800 1381 3864 deficiant
1408 3809 1441 3863 et

290 3913 466 3981 mutentur,
487 3925 587 3986 quam
611 3904 686 3968 illae
709 3905 752 3967 ad
779 3905 909 3968 culmen
933 3914 967 3969 et
990 3905 1223 3989 perfectionem
1247 3924 1341 3968 suam
1368 3924 1441 3986 per-

287 4007 445 4071 venerint.
501 4005 712 4089 Philosophia
737 4017 851 4071 contra
874 4016 907 4072 et
930 4007 1085 4072 scientiae
1107 4009 1354 4086 intellectuales,
1374 4017 1440 4072 sta-

287 4119 418 4174 tuarum
440 4129 538 4186 more,
553 4111 731 4174 adorantur
747 4119 780 4174 et
797 4109 1012 4190 celebrantur,
1029 4112 1087 4175 sed
1107 4132 1172 4175 non
1196 4121 1439 4194 promoventur.

288 4211 380 4296 Quin
396 4213 496 4276 etiam
516 4214 548 4276 in
570 4213 676 4294 primo
692 4234 928 4296 nonnunquam
944 4215 1082 4279 authore
1104 4217 1251 4279 maxime
1269 4215 1390 4297 vigent,
1406 4223 1441 4278 et

286 4317 441 4399 deinceps
464 4317 674 4399 degenerant.
720 4318 808 4381 Nam
832 4329 1008 4401 postquam
1029 4318 1180 4383 homines
1200 4320 1340 4384 dedititii
1361 4317 1438 4382 facti

286 4421 351 4483 sint
371 4429 403 4483 et
426 4421 459 4483 in
483 4421 579 4483 unius
602 4423 799 4486 sententiam
822 4419 996 4506 (tanquam
1018 4425 1144 4506 pedarii
1166 4421 1348 4506 senatores)
1372 4421 1439 4486 coi·

285 4523 377 4599 erint,
404 4522 546 4586 scientiis
568 4524 646 4605 ipsis
668 4525 922 4608 amplitudinem
950 4547 1015 4592 non
1038 4528 1176 4606 addunt,
1199 4526 1257 4590 sed
1285 4527 1318 4588 in
1341 4525 1439 4589 certis
