3208 5094
339 429 482 487 INDEX
505 431 557 488 TO
583 431 672 486 THE
696 432 813 489 TEXT
831 434 925 490 AND
946 435 1098 493 NOTES.

142 594 310 660 Faapetiment,
332 594 473 660 advantage
494 593 524 644 oi
543 609 602 645 over
624 608 691 642 mere

174 661 343 714 observation.
359 669 413 722 173,
428 660 484 726 298.

142 725 320 790 Experimento
336 725 438 775 lucifera
454 733 480 775 et
491 724 623 783 fructifera,
636 723 691 780 161,

177 791 507 868 uwmmffimm

142 882 176 894 -
187 858 272 922 qualia
283 857 450 920 excogitanda
461 863 525 912 sunt,
539 864 593 918 170.

143 921 180 970 Ex
215 921 351 999 rimentalis
368 921 480 972 historia.
514 921 559 972 See
576 919 691 970 Historia

144 988 379 1118 Expearihiiltiidtion,
402 1049 451 1102 five
472 1049 547 1101 iaults
576 1051 610 1108 oi,
633 1066 691 1102 ena·

176 1119 286 1168 meiated
298 1119 332 1182 by
344 1117 436 1175 Bacon,
449 1131 538 1182 233-3.

143 1183 347 1248 Experimentum
359 1183 391 1232 ad
406 1199 540 1249 corporum
554 1183 692 1248 pneumati·

176 1265 264 1298 corum
312 1249 461 1298 densitatem
509 1248 691 1314 pensitandam,

143 1329 351 1446 spiri-pilstam,
360 1379 391 1429 de
402 1379 490 1429 mediis
497 1395 560 1444 quae
569 1379 692 1444 magnetis

177 1446 293 1496 virtutem
304 1444 431 1496 hebetent.
445 1456 534 1508 500-1.

143 1511 219 1560 -de
247 1511 311 1560 airis
338 1518 363 1560 et
391 1526 470 1576 aquae
502 1509 692 1576 compressione,

143 1589 694 1720 fflffispffmamwm

176 1718 386 1772 marottam.

145 1909 305 1958 Fabrioarum
344 1923 426 1958 rerum
462 1905 693 1972 contemplationes,

180 1975 234 2025 228.

146 2040 273 2090 Fallaciae
285 2055 408 2094 sensuum,
423 2053 478 2088 222.

145 2117 304 2154 -sensuum
316 2120 366 2169 quo
378 2103 548 2163 remittendae,
558 2111 614 2168 497.

144 2169 467 2234 mmmmm

148 2237 247 2290 Febres,
260 2237 316 2295 378.
328 2235 376 2284 and
389 2233 529 2284 elsewhere.

147 2302 220 2351 Feles
231 2309 305 2350 noctu
317 2306 429 2357 oemunt,
439 2298 496 2364 496.

149 2367 259 2420 Ferinae.
272 2381 328 2430 409.

148 2433 169 2480 F
169 2441 303 2481 ermentum
316 2431 395 2496 panis,
407 2443 495 2494 544-5.

147 2497 215 2547 Ferri
227 2506 253 2547 et
269 2499 323 2547 auri
339 2497 511 2546 dissolutiones
529 2501 695 2560 comparatae,

149 2578 483 2692 Fihohombyciniinventio.
496 2636 553 2690 307.

149 2693 232 2743 Filum
245 2694 398 2758 labyrinthi,
411 2695 467 2756 584.

148 2761 228 2808 Fitum
248 2761 389 2821 Labyriatiri,
413 2761 460 2806 siue
481 2757 594 2806 Formula
615 2757 696 2820 Iapeti-

182 2829 276 2876 sitionis.
289 2827 395 2886 referred
404 2835 435 2880 ta,
451 2824 504 2882 189.

148 2893 238 2939 -st've
266 2893 384 2954 Inquisitio
415 2891 531 2953 Legitima
561 2890 589 2936 de
619 2889 695 2946 Mota,

182 2959 287 3017 referred
296 2971 324 3011 to,
338 2969 392 3016 323,
403 2954 453 3004 and
464 2953 605 3003 elsewhere.

150 3022 248 3071 Finales
279 3038 375 3076 causae,
410 3036 494 3069 earum
526 3019 695 3076 incommoda,

151 3086 520 3214 litteralia,itit·
533 3086 589 3148 ⁵⁵⁸·

150 3217 264 3268 Flamma
275 3219 387 3268 innocua.
402 3217 490 3280 364-5.

148 3285 258 3334 —circa
269 3292 351 3350 capita
369 3299 502 3348 puerorum
519 3290 545 3332 et
561 3282 693 3348 virginum,

148 3364 259 3464 -3ci'rca
271 3431 359 3478 equum
373 3415 510 3468 sudantem.
523 3412 578 3476 ³65·

149 3507 182 3516 -
192 3481 293 3545 plurimi
301 3481 353 3542 ejus
364 3481 455 3543 gradus
466 3481 491 3528 in
503 3480 593 3530 calore.
604 3479 694 3542 381-3.

149 3572 182 3583 -
193 3561 241 3594 non
254 3547 344 3594 emicat
357 3546 403 3594 nisi
415 3545 486 3594 detur
497 3545 613 3608 spatium,
627 3547 682 3604 384.

150 3612 242 3658 -urit
263 3611 343 3659 acrius
362 3626 446 3658 versus
467 3610 551 3666 latera,
572 3626 647 3675 quam
670 3611 695 3660 in

183 3676 266 3724 medio
286 3689 343 3735 403.

149 3767 183 3779 -
195 3757 239 3806 per
255 3756 311 3788 eam
329 3739 490 3802 investigatur
506 3746 595 3790 natura
615 3739 696 3798 calidi,

149 3825 336 3921 -iransitorta
348 3869 399 3930 eius
411 3877 505 3930 natura,
519 3869 608 3932 476-8.

150 3971 182 3981 -
195 3955 238 3987 cur
249 3937 409 4002 pyramidalis
421 3945 457 3985 est
477 3948 533 3998 477.

152 4003 279 4053 Flammae
303 4004 359 4052 terri
383 4003 454 4066 igniti
477 4010 501 4050 et
524 4001 623 4068 spiritus
645 4001 697 4052 vini

183 4077 349 4133 comparatae.
364 4083 451 4132 393-4.

150 4161 184 4171 —
194 4135 325 4184 bicolores.
337 4135 427 4197 477-8.

150 4201 280 4248 Florentiae
290 4201 434 4258 experimini,
447 4211 535 4262 512-3,
548 4197 604 4264 564.

152 4266 268 4315 Floridae
281 4266 362 4320 litora,
375 4266 464 4328 460-1.

149 4359 182 4368 —-
194 4332 229 4380 ibi
240 4331 323 4394 sylvae
335 4339 391 4380 sunt
403 4331 529 4386 odoratae,
542 4345 597 4398 509.

152 4397 212 4446 Flos
224 4398 296 4447 lactis
307 4405 332 4446 et
344 4399 392 4446 vini
405 4397 491 4452 laeces,
503 4411 559 4460 330.

149 4489 183 4501 -
193 4478 309 4512 cervisiae
331 4478 419 4526 544-5.

152 4529 238 4586 Fludd,
249 4531 293 4580 Dr.
304 4531 398 4590 Robert,
413 4543 468 4592 242,
481 4529 539 4594 386.

1228 428 1291 510 Q

745 594 869 648 Fluiditas
880 605 905 649 et
917 599 1084 657 consistentia,
1096 599 1187 665 416-8,
1200 612 1257 664 445.

745 662 822 712 Fluor
834 665 1000 724 metallorum,
1013 667 1069 729 489.

744 728 839 843 Fluxgs
850 731 992 844 etgrefluxus
1009 731 1091 790 maiis,
1107 743 1165 796 452,
1183 729 1291 796 459-64,

777 807 809 856 50
826 809 874 856 ,51
894 812 934 861 ·9·

743 883 775 896 -
787 859 892 912 Bacon’s
901 869 965 912 tract
976 879 1015 922 on,
1025 862 1132 914 referred
1144 861 1207 912 tnin
1219 867 1291 914 notu

769 941 809 974 -on
823 927 868 978 Bk.
876 928 906 977 ·ii.
917 930 1019 994 passim.

742 992 955 1052 -scientiarum,
970 1010 1024 1060 290.

743 1055 826 1105 Focus
837 1057 862 1108 S.
874 1058 951 1116 Ermi,
965 1060 1020 1122 366.

745 1120 862 1176 Folitani,
876 1128 981 1188 579-80.

744 1185 812 1235 Fons
822 1190 992 1248 emanationis,
1005 1201 1061 1255 337.

742 1277 776 1287 -
787 1255 914 1306 essentiae.
926 1269 1014 1318 343-4

743 1316 861 1367 Fontium
872 1320 950 1384 origo,
962 1321 1018 1383 567.

743 1382 836 1432 Forma
846 1385 916 1434 nulla
927 1387 1009 1436 adhue
1019 1387 1120 1437 inventa
1130 1395 1174 1444 est,
1185 1404 1242 1454 439.

744 1447 858 1505 Formae,
869 1459 1009 1502 commenta
1021 1453 1096 1502 animi
1108 1453 1216 1513 humani,
1235 1469 1290 1519 ²²4·

744 1538 777 1550 -
788 1515 935 1566 abstractae.
951 1531 1005 1580 242,
1017 1531 1073 1582 305,
1085 1533 1142 1584 390.

747 1603 775 1614 -
789 1595 869 1629 rerum
880 1583 1019 1646 primariae,
1035 1598 1089 1646 244

744 1647 883 1710 -opinio,
905 1649 973 1713 quod
996 1649 1097 1700 inventu
1123 1649 1292 1715 impossibiles

778 1711 835 1766 sint,
849 1712 904 1775 263,
917 1727 973 1778 339.
1271 1755 1279 1760 .,

744 1793 873 1828 -revera
893 1787 950 1829 sunt
967 1780 1035 1846 leges
1054 1787 1125 1831 actus
1147 1781 1211 1846 puri,
1237 1796 1292 1844 224,

780 1842 835 1904 263,
849 1857 904 1904 340.
991 1905 995 1912 1

744 1931 778 1943 -
789 1917 931 1959 naturarum
943 1910 1100 1975 simplicium,
1113 1913 1202 1975 317-8.

745 1983 877 2024 -natura
898 1983 1022 2036 naturans,
1044 1978 1094 2028 sive
1116 1977 1172 2030 sons
1194 1993 1294 2028 emana-

779 2039 860 2097 tionis,
875 2053 930 2104 337.

745 2128 778 2140 -
789 2121 862 2156 verae
873 2123 953 2157 rerum
965 2107 1123 2166 differentiae,
1136 2119 1190 2173 337.
1203 2124 1259 2174 343.

745 2193 779 2203 -
789 2185 831 2220 eas
839 2173 954 2285 igvenire
963 2190 1026 2239 opus
1033 2175 1157 2226 humanae
1167 2175 1293 2232 scientiae,

745 2317 865 2357 -error,
891 2303 917 2352 in
939 2302 1071 2355 deserendo
1093 2304 1180 2355 formis
1200 2306 1293 2373 primas

779 2367 907 2418 essentiae.
920 2382 975 2430 340.

746 2455 780 2465 -
792 2433 929 2496 copulatae,
943 2448 998 2496 340,
1011 2449 1166 2498 390‚413-4.

746 2513 833 2546 —eas
862 2499 922 2547 scire
953 2499 1140 2550 fundamentum
1174 2507 1227 2550 tam
1260 2501 1293 2550 ad

780 2563 904 2612 sciendum
916 2579 990 2630 quam
1008 2565 1040 2614 ad
1057 2566 1218 2631 operandum,
1237 2581 1293 2631 340.

782 2641 836 2690 39²·

747 2709 820 2742 -ex
842 2709 926 2744 earum
946 2694 1086 2746 inventione
1106 2697 1215 2761 sequitur
1237 2714 1294 2747 con·

781 2759 911 2825 templatio
934 2776 991 2810 vera
1013 2769 1038 2810 et
1065 2763 1177 2827 operatio
1205 2762 1293 2820 libera,

781 2837 870 2884 34ι-2.

748 2890 812 2938 -si
829 2891 919 2946 adsint,
935 2891 1025 2941 adsunt
1047 2899 1150 2943 naturae
1172 2895 1253 2951 datae,
1273 2893 1294 2943 si

781 2955 870 3014 absint,
884 2957 981 3012 absunt,
994 2966 1019 3007 et
1029 2958 1082 3008 vice
1095 2975 1172 3015 versa,
1186 2974 1242 3021 343.

747 3045 780 3055 -
791 3036 874 3069 earum
887 3022 1012 3087 inquisitio
1025 3024 1224 3089 Metaphysieam
1238 3040 1294 3075 oon-

780 3087 868 3140 stituit,
881 3102 936 3148 3aa.

747 3161 847 3201 -sunt
859 3153 996 3216 ipsissimas
1007 3171 1053 3206 res,
1066 3164 1156 3219 374-5.

746 3217 953 3268 -limitationes
979 3228 1082 3271 naturae
1114 3221 1194 3286 magis
1228 3238 1296 3273 com·

779 3284 869 3340 munis,
882 3286 937 3348 389.

746 3375 778 3387 -
792 3365 836 3404 ner
847 3352 974 3414 negativas
986 3351 1178 3416 investigandae.
1191 3354 1222 3403 ib.

746 3440 780 3450 —
791 3415 848 3464 Deo
860 3423 884 3465 et
896 3417 991 3481 angelis
1001 3418 1144 3469 immediate
1155 3419 1294 3476 noscibiles,

780 3481 809 3530 ib.

747 3576 780 3588 -
791 3555 849 3610 post
865 3548 1018 3604 erreiusioues
1034 3548 1132 3598 debitas
1150 3550 1293 3607 manebunt,

746 3677 849 3740 -quid
862 3677 910 3726 sint
921 3693 1002 3730 verae,
1015 3691 1070 3740 39¹·

747 3757 829 3790 -res
843 3741 1020 3806 heterogeaeas
1034 3742 1191 3806 conjungunt.
1204 3758 1293 3806 391-2.

747 3831 781 3842 -
793 3805 816 3854 in
829 3808 859 3856 iis
876 3808 999 3856 instantiis
1015 3809 1152 3858 necessario
1169 3811 1250 3859 insunt
1268 3811 1293 3861 in

781 3873 871 3936 quibus
884 3889 920 3922 res
931 3881 976 3924 est,
989 3886 1045 3936 39J.

747 3937 824 3986 -de
839 3938 919 3988 forma
935 3939 1012 3987 calidi
1027 3939 1188 3990 vindemiatio
1204 3941 1292 4006 prima,

748 4085 836 4132 -per
867 4069 994 4118 instantias
1025 4071 1198 4120 constitutivas
1229 4071 1294 4122 inve-

780 4135 882 4183 niuntur
893 4135 1053 4200 particulares
1064 4137 1165 4194 loturae,
1177 4151 1233 4201 421.

748 4227 781 4236 -
792 4216 897 4264 magnae
908 4210 934 4250 et
945 4202 1060 4256 minores,
1072 4216 1160 4266 4²1-3·

749 4266 845 4324 Fotms,
874 4282 915 4316 are
944 4267 1001 4328 they
1031 4267 1073 4316 the
1100 4283 1169 4318 same
1196 4284 1225 4320 as
1252 4268 1295 4322 the

782 4332 893 4381 ‘divinae
906 4333 993 4382 mentis
1004 4332 1103 4383 ideae’l
1122 4349 1176 4383 200.
1273 4385 1275 4390 ,

747 4424 781 4434 -
792 4397 896 4446 Bacon’s
914 4399 1026 4448 doctrine
1045 4398 1078 4456 oi,
1096 4398 1123 4448 in
1144 4401 1176 4450 its
1193 4399 1298 4450 relation

780 4471 808 4513 to
830 4463 873 4513 the
895 4463 1017 4528 Plurality
1035 4465 1065 4514 of
1084 4465 1185 4525 Causea,
1208 4479 1298 4530 343-4,

782 4529 1023 4595 mmmm
