3324 5110
320 441 384 511 312
699 433 856 490 nouom
877 429 1093 494 oronnam

319 595 525 682 Redargutio
539 619 617 663 vero
634 616 746 663 earum
767 597 842 663 talis
858 597 920 664 suit
938 597 1045 682 qualis
1064 617 1136 662 esse
1154 597 1285 682 potuit3
1315 594 1469 662 videlicet

317 721 377 782 per
392 703 494 784 signa,
510 713 544 767 et
562 703 762 766 evidentiam
778 722 971 782 causarum;
995 723 1069 766 cum
1093 703 1276 767 confutatio
1295 704 1361 766 alia
1380 701 1468 766 nulla

317 824 338 866 a
354 806 448 869 nobis
464 805 534 892 (qui
553 816 586 871 et
606 808 648 870 de
669 805 835 887 principiis
854 815 888 868 et
910 807 954 870 de
977 806 1315 870 demonstrationibus
1334 807 1377 870 ab
1395 806 1467 869 aliis

318 909 542 997 dissentimus)
557 910 706 974 adhiberi
722 910 874 991 potuerit.

361 1013 524 1096 Quocirca
539 1024 671 1095 tempus
694 1022 753 1091 est,
767 1022 805 1075 ut
827 1011 870 1076 ad
886 1013 993 1093 ipsam
1010 1023 1116 1075 artem
1139 1022 1173 1077 et
1192 1034 1342 1077 normam
1363 1015 1467 1077 inter-

316 1118 469 1198 pretandi
493 1118 656 1182 Naturam
679 1117 869 1195 veniamus;
893 1125 926 1179 et
949 1124 1061 1180 tamen
1085 1117 1233 1180 nonnihil
1256 1127 1358 1181 restat
1378 1117 1466 1199 quod

315 1223 590 1304 praevertendum
607 1230 667 1284 est.
713 1218 824 1302 Quum
841 1218 928 1282 enim
945 1219 977 1281 in
988 1218 1052 1282 hoc
1067 1220 1174 1301 primo
1189 1219 1466 1303 Aphorismorum

315 1323 399 1388 libro
414 1325 494 1390 illud
507 1326 602 1389 nobis
617 1325 823 1408 propositum
839 1324 891 1399 sit,
903 1332 939 1386 ut
955 1332 1025 1387 tam
1041 1325 1082 1387 ad
1101 1324 1349 1408 intelligendum
1366 1345 1466 1408 quam

314 1429 358 1492 ad
382 1432 606 1512 recipiendum
631 1451 670 1492 ea
700 1449 786 1512 quae
815 1437 995 1511 sequuntur
1021 1439 1148 1492 mentes
1175 1430 1345 1493 hominum
1372 1449 1467 1510 prae-

314 1543 490 1615 parentur;
521 1543 706 1616 expurgata
725 1533 796 1614 jam
819 1541 852 1595 et
875 1532 993 1594 abrasa
1016 1540 1050 1595 et
1075 1543 1216 1614 aequata
1241 1534 1360 1596 mentis
1381 1551 1467 1610 area,

314 1639 463 1721 sequitur
492 1650 528 1703 ut
559 1658 652 1701 mens
682 1638 817 1701 sistatur
853 1636 887 1698 in
921 1635 1084 1717 positione
1114 1637 1210 1711 bona,
1242 1646 1275 1701 et
1305 1646 1466 1718 tanquam

312 1752 449 1825 aspectu
472 1742 644 1818 benevolo,
661 1743 704 1805 ad
727 1762 766 1804 ea
789 1761 874 1823 quae
889 1759 1111 1822 proponemus
1120 1739 1155 1806 ²⁵.
1198 1741 1299 1806 Valet
1321 1741 1408 1804 enim
1432 1742 1466 1803 in

314 1867 350 1910 re
380 1867 466 1910 nova
495 1849 538 1911 ad
570 1846 816 1928 praejudicium,
849 1865 914 1908 non
948 1845 1054 1908 solum
1089 1847 1342 1928 praeoccupatio
1371 1845 1466 1909 sortis

314 1950 478 2031 opinionis
496 1951 623 2028 veteris,
638 1951 696 2013 sed
713 1960 747 2013 et
769 1949 958 2031 praeceptio
979 1949 1048 2012 sive
1068 1948 1299 2032 praefiguratio
1322 1949 1403 2012 salsa
1419 1950 1466 2012 rei

313 2074 399 2135 quae
414 2054 556 2119 affertur.
603 2055 721 2135 Itaque
739 2053 932 2117 conabimur
951 2052 1077 2117 efficere
1097 2063 1133 2118 ut
1153 2054 1336 2117 habeantur
1358 2054 1465 2117 boriae

313 2165 348 2220 et
372 2177 469 2221 verae
492 2158 534 2220 de
560 2157 599 2219 iis
626 2177 713 2237 quae
739 2156 934 2219 adducimus
958 2157 1140 2237 opiniones,
1164 2157 1241 2221 licet
1265 2158 1309 2220 ad
1332 2166 1464 2238 tempus

311 2261 554 2339 tantummodo,
568 2269 601 2324 et
617 2271 775 2342 tanquam
786 2260 958 2338 usurariae,
974 2261 1079 2323 donec
1092 2281 1142 2325 res
1160 2263 1231 2341 ipsa
1242 2271 1464 2344 pernoscatur.

826 2448 951 2513 CXVI.

355 2572 465 2636 Primo
483 2571 596 2655 itaque
606 2571 632 2610 ²⁶
644 2572 880 2654 postulandum
896 2571 1033 2648 videtur,
1050 2592 1092 2636 ne
1107 2571 1296 2636 existiment
1312 2572 1464 2636 homines

310 2695 380 2753 nos,
403 2697 494 2739 more
520 2677 729 2757 antiquorum
757 2673 966 2751 Graecomm,
988 2683 1045 2738 aut
1072 2677 1278 2756 quorundam
1303 2696 1463 2740 novorum

309 2779 490 2858 hominum,
502 2779 634 2857 Telesii,
653 2780 793 2857 Patricii,
809 2777 995 2852 Severiniffl,
1008 2788 1131 2843 sectam
1147 2780 1291 2863 aliquam
1308 2782 1340 2843 in
1356 2780 1464 2863 philo·

310 2975 451 3029 Secundae
466 2975 675 3043 DelineatioOE.
688 2976 742 3028 and
756 2976 791 3042 S.,
804 2975 856 3028 vol.
865 2975 900 3028 iii.
913 2992 940 3044 p.
953 2973 1015 3044 548)
1028 2976 1210 3044 corresponds
1222 2977 1288 3031 with
1300 2978 1360 3031 that
1374 2978 1401 3032 in
1414 2977 1463 3033 the

310 3057 477 3112 Distributio
490 3060 596 3127 Operis.

345 3140 409 3194 The
426 3142 613 3208 ‘Redargutio
628 3141 774 3195 Humanae
789 3141 914 3195 Rationis
927 3141 1043 3195 Nativae
1055 3149 1085 3196 et
1095 3143 1145 3196 sibi
1159 3145 1318 3212 permissae’
1331 3145 1463 3214 includes,

308 3222 342 3276 of
351 3239 457 3290 course,
470 3225 517 3277 the
531 3225 656 3278 doctrine
669 3225 701 3277 of
715 3225 763 3278 the
778 3226 854 3279 Idola
867 3226 979 3292 Tribus,
995 3227 1072 3280 ldola
1085 3228 1195 3295 Specus,
1208 3228 1263 3281 and
1277 3229 1353 3282 Idola
1368 3230 1390 3282 F
1392 3230 1443 3284 ori.

344 3304 366 3338 ²⁶
385 3306 448 3361 The
467 3308 567 3360 mirror
584 3307 666 3373 being
683 3325 747 3361 now
758 3309 890 3376 polished,
903 3309 925 3362 it
939 3316 1012 3362 must
1028 3310 1063 3364 be
1080 3310 1175 3378 placed
1194 3313 1222 3364 in
1235 3311 1302 3364 such
1314 3330 1331 3366 a
1342 3314 1463 3382 position

307 3405 337 3444 as
349 3395 380 3442 to
392 3389 472 3443 catch
486 3389 533 3443 the
545 3391 620 3443 sun’s
632 3407 701 3459 rays.

343 3471 364 3504 ²⁶
384 3474 417 3525 In
429 3472 483 3525 this
501 3473 556 3526 and
568 3474 616 3526 the
628 3478 685 3526 two
702 3481 769 3528 next
783 3474 950 3542 Aphorisms‚
963 3493 1005 3528 we
1018 3474 1086 3528 have
1097 3475 1177 3530 three
1189 3478 1314 3531 cautioris
1326 3495 1359 3532 or
1371 3497 1463 3533 warn-

307 3557 374 3624 lngs.
411 3556 475 3610 The
494 3555 553 3609 first
573 3557 603 3622 is,
615 3555 675 3609 that
687 3557 736 3610 the
752 3557 852 3611 author
863 3559 930 3612 does
948 3565 999 3612 not
1012 3559 1078 3612 wish
1090 3566 1121 3613 to
1137 3560 1223 3614 found
1235 3579 1251 3615 a
1263 3569 1329 3629 sect,
1342 3579 1376 3616 or
1392 3579 1461 3617 even

306 3647 337 3694 to
353 3640 499 3709 propound
512 3657 527 3693 a
540 3641 677 3708 complete
692 3641 809 3711 theory;
829 3641 877 3694 the
895 3643 1006 3708 second,
1019 3643 1081 3696 that
1097 3644 1245 3710 particular
1263 3645 1357 3699 effecta
1376 3646 1462 3714 ought

306 3731 356 3778 not
369 3730 400 3777 to
412 3724 448 3776 be
464 3724 602 3792 expected
615 3729 644 3777 at
657 3722 732 3792 first;
751 3725 799 3778 the
812 3725 895 3791 third,
908 3726 970 3779 that
987 3727 1116 3780 mistakes
1129 3727 1182 3780 will
1201 3728 1235 3782 be
1252 3744 1314 3782 sure
1326 3736 1358 3783 to
1376 3747 1462 3784 occur

306 3807 333 3860 ln
346 3807 394 3860 the
407 3807 512 3876 history
525 3807 579 3860 and
590 3807 679 3860 tables
691 3807 724 3860 of
733 3809 883 3877 discovery.

341 3888 362 3920 Ἠ
382 3891 432 3958 Cp.
447 3891 491 3943 De
509 3891 680 3958 Augmentis,
698 3891 794 3945 libili.
809 3908 867 3960 cap.
882 3912 897 3958 4
913 3891 957 3962 (E.
974 3893 1029 3945 and
1046 3894 1082 3960 S.,
1100 3893 1152 3947 vol.
1165 3895 1183 3948 i.
1202 3911 1228 3963 p.
1243 3893 1325 3964 5⁶4)ss
1345 3895 1461 3966 ‘Neque

305 3989 371 4027 vero
384 3990 417 4026 ex
432 3973 484 4026 hoc
497 3975 657 4028 Placirorum
670 3975 845 4044 Philosophiae
858 3976 1013 4029 Kalendario
1028 3992 1145 4044 nuperas
1157 3977 1278 4031 theorias
1290 3985 1321 4031 et
1332 3980 1461 4046 dogmata

305 4057 439 4124 excludo;
458 4059 528 4110 sicut
543 4059 614 4110 illam
628 4058 813 4126 Theophrasti
827 4059 970 4125 Paracelsi,
983 4059 1147 4128 eloquenter
1164 4063 1192 4114 in
1205 4077 1304 4130 corpus
1321 4065 1459 4132 quoddam

305 4148 335 4194 et
347 4141 516 4193 harmoniam
531 4141 715 4210 philosophiae
727 4144 869 4195 redactam
881 4143 1036 4196 aSeverino
1047 4144 1144 4210 Dano;
1163 4152 1211 4198 aut
1221 4145 1323 4198 Telesii
1335 4148 1461 4200 Consen-

303 4224 363 4290 tini,
376 4225 423 4292 qui
437 4223 605 4277 Parmenidis
622 4225 818 4293 philosophiam
834 4227 985 4280 instaurans
1001 4243 1077 4280 arma
1091 4228 1340 4296 Peripateticorum
1355 4231 1381 4282 in
1400 4231 1460 4286 illos

305 4309 377 4376 ipsos
395 4308 492 4376 vertit3
511 4313 558 4360 aut
578 4309 688 4362 Patricii
704 4309 812 4370 Veneti,
826 4311 872 4377 qui
889 4309 1095 4364 Platonicorum
1113 4311 1204 4365 fumos
1221 4312 1391 4380 sublimavit3
1411 4321 1459 4368 aut

305 4391 422 4444 Gllberti
435 4391 572 4459 popularis
584 4393 679 4459 nostri,
693 4394 739 4461 qui
750 4393 866 4446 Philolai
878 4393 1006 4460 dogmata
1024 4395 1161 4464 reposuit;
1180 4403 1227 4448 aut
1240 4396 1353 4449 alterius
1366 4398 1459 4465 cujus·

304 4490 423 4542 cunque,
435 4475 456 4526 si
472 4475 556 4526 modo
570 4474 667 4541 dignus
683 4477 736 4528 sit.¹
774 4477 820 4528 To
832 4477 966 4544 Telesius,
980 4477 1071 4530 whom
1084 4479 1119 4531 he
1136 4479 1200 4532 calls
1213 4479 1277 4532 ‘the
1289 4479 1351 4533 best
1367 4480 1401 4533 of
1410 4483 1459 4536 the

305 4555 466 4624 Novellists,'
480 4557 572 4611 Bacon
590 4557 684 4622 refers,
695 4559 818 4630 perhaps,
831 4576 908 4614 more
927 4561 992 4615 tban
1011 4567 1042 4614 to
1060 4577 1113 4632 any
1126 4563 1208 4616 other
1226 4565 1342 4620 modern
1355 4565 1460 4622 writer.
