3306 5102
638 422 718 481 ΗΒ.
740 424 783 482 II.
807 433 856 484 20.
1260 437 1321 498 401

303 581 451 647 Secunda
471 581 657 664 differentia
677 597 729 650 est
750 587 951 651 modificatio
972 587 1110 670 prioris3
1133 589 1215 653 haec
1236 590 1326 654 vide-

259 682 344 764 licet,
360 687 449 768 quod
468 686 557 751 calor
572 688 613 752 sit
630 700 740 754 motus
758 692 958 772 expansivus
974 691 1043 754 sive
1058 713 1171 756 versus
1187 693 1325 758 circum·

261 785 446 867 serentiam3
461 789 524 854 hac
536 790 608 872 lege
625 800 746 872 tamen,
758 802 794 856 ut
810 813 875 855 una
887 792 1009 857 feratur
1024 815 1142 877 corpus
1158 793 1324 859 sursum¹³.

261 889 410 954 Dubium
432 893 519 955 enim
540 914 606 957 non
627 905 677 958 est
697 895 777 976 quin
798 897 864 959 sint
884 905 994 959 motus
1012 897 1196 979 complures
1218 898 1325 961 mixti.

263 992 423 1077 Exempli
450 997 555 1079 gratia
568 1019 576 1076 ;
606 999 727 1079 sagitta
748 1009 806 1062 aut
832 999 994 1081 spiculum
1017 1001 1114 1065 simul
1138 1011 1171 1065 et
1193 1022 1326 1083 progre-

263 1096 385 1160 diendo
404 1109 498 1176 rotat,
515 1109 547 1163 et
567 1103 706 1165 rotando
725 1102 943 1184 progreditur.
991 1101 1150 1168 Similiter
1168 1114 1201 1167 et
1217 1113 1327 1167 motus

262 1200 379 1264 caloris
395 1203 493 1265 simul
509 1211 559 1267 est
576 1213 608 1267 et
625 1206 825 1287 expansivus
841 1216 874 1268 et
890 1207 970 1270 latio
987 1207 1019 1269 in
1035 1227 1172 1270 sursum.

309 1305 404 1370 Haec
421 1328 499 1371 vero
518 1307 703 1388 differentia
723 1310 907 1374 ostenditur
928 1311 961 1373 in
982 1311 1113 1393 forcipe,
1130 1320 1187 1375 aut
1207 1311 1327 1376 bacillo

265 1405 370 1471 ferreo
396 1409 542 1474 immisso
570 1412 602 1474 in
626 1412 756 1494 ignem:
784 1413 862 1495 quia
884 1413 911 1476 si
934 1414 1132 1477 immittatur
1153 1415 1327 1496 perpendi·

263 1510 417 1576 culariter
442 1515 586 1578 tenendo
609 1536 744 1578 manum
767 1517 924 1598 superius,
948 1518 1014 1581 cito
1038 1537 1171 1580 manum
1198 1518 1326 1596 adurit;

262 1615 312 1677 sin
329 1638 373 1679 ex
389 1617 490 1681 latere
506 1629 563 1682 aut
579 1619 719 1696 inferius,
735 1623 870 1684 omnino
885 1607 1022 1685 tardius}

308 1719 494 1804 Conspicua
517 1723 617 1786 etiam
641 1725 746 1787 estin
774 1725 1043 1788 distillationibus
1071 1745 1129 1807 per
1152 1726 1327 1788 descenso-

264 1821 347 1885 rium
360 1849 367 1900 ;
393 1825 511 1905 quibus
528 1835 663 1890 utuntur
678 1827 828 1890 homines
843 1828 885 1890 ad
903 1827 999 1890 flores
1014 1828 1230 1905 delicatiores,
1246 1849 1327 1910 quo-

264 1945 336 1988 rum
359 1928 477 1992 odores
500 1929 594 1993 facile
617 1939 823 2012 evanescunt.
877 1930 966 1993 Nam
990 1929 1052 1995 hoc
1075 1932 1194 2013 reperit
1217 1932 1327 1994 indus-

263 2030 334 2105 tria,
351 2041 386 2092 ut
410 2031 572 2096 collocent
593 2034 702 2115 ignem
726 2053 792 2096 non
815 2033 929 2096 subter
945 2034 1004 2097 sed
1022 2055 1130 2116 supra,
1149 2044 1186 2098 ut
1208 2036 1326 2098 adurat

265 2133 372 2196 minus
381 2132 416 2198 ¹⁴.
462 2137 580 2218 Neque
596 2138 683 2200 enim
699 2135 834 2200 flamma
848 2146 978 2201 tanturn
993 2139 1099 2220 vergit
1115 2159 1252 2218 sursum,
1268 2138 1325 2201 sed

264 2236 364 2299 etiam
383 2259 482 2302 omne
497 2239 649 2305 calidum.

307 2339 382 2405 Fiat
400 2352 511 2407 autem
530 2345 793 2426 experimentum
809 2342 906 2426 hujus
922 2345 966 2407 rei
984 2345 1016 2407 in
1032 2344 1194 2409 contraria
1210 2353 1326 2407 natura

263 2442 390 2526 frigidi:
418 2449 478 2511 viz.
503 2457 614 2512 utrum
639 2447 740 2529 frigus
766 2468 831 2510 non
854 2449 1026 2512 contrahat
1051 2469 1168 2530 corpus
1190 2448 1325 2510 descen-

263 2547 374 2611 dendo
398 2551 560 2626 deorsum,
589 2551 872 2632 quemadmodum
899 2550 1041 2614 calidum
1066 2550 1183 2614 dilatat
1208 2570 1326 2630 corpus

261 2653 470 2716 ascendendo
486 2672 622 2717 sursum.
668 2654 787 2735 Itaque
803 2653 1021 2718 adhibeantur
1041 2654 1107 2716 duo
1128 2651 1248 2716 bacilla
1263 2652 1325 2714 ser-

263 2772 326 2832 rea,
345 2755 397 2818 vel
418 2756 484 2819 duo
505 2756 575 2819 tubi
595 2756 697 2830 vitrei,
715 2757 825 2838 quoad
845 2767 974 2820 caetera
994 2777 1097 2838 pares,
1120 2765 1153 2819 et
1171 2756 1325 2820 calefiant

262 2857 430 2936 nonnihil;
454 2868 487 2922 et
506 2868 649 2943 ponatur
671 2859 809 2942 spongia
833 2880 908 2923 cum
932 2880 1018 2941 aqua
1041 2860 1167 2942 frigida,
1182 2859 1235 2922 vel
1256 2861 1323 2937 nix,

261 2961 375 3025 subter
397 2985 505 3042 unam,
529 2975 561 3027 et
586 2965 736 3026 similiter
761 2984 860 3046 super
886 2964 1035 3027 alteram.
1082 2964 1329 3068 Existimamus¹

207 3183 228 3218 ¹³
248 3187 280 3240 ln
303 3203 379 3255 gases
398 3188 451 3242 aud
473 3187 579 3257 liquids,
598 3188 645 3241 the
668 3187 768 3241 heated
788 3188 925 3257 particles,
946 3188 1029 3256 being
1046 3188 1198 3256 expanded,
1219 3186 1272 3241 and
1294 3203 1324 3241 so

172 3271 324 3339 occupying
342 3287 420 3324 more
438 3288 518 3340 space
537 3271 564 3324 in
583 3272 744 3340 proportion
765 3276 797 3324 to
818 3271 891 3324 their
910 3272 1027 3340 density,
1046 3273 1156 3338 ascend,
1175 3272 1254 3326 while
1274 3269 1325 3325 the

171 3355 297 3422 particles
310 3361 358 3408 not
371 3360 418 3423 yet
431 3355 538 3425 equally
550 3354 651 3408 heated
664 3357 768 3408 remain
781 3357 939 3424 stationary,
952 3373 985 3410 or
998 3357 1125 3412 descend.
1161 3357 1229 3409 This
1242 3357 1326 3411 mode

170 3435 203 3490 of
215 3437 340 3490 diffusion
354 3438 386 3491 ol
400 3438 465 3492 heat
480 3439 502 3491 is
518 3439 605 3492 called
619 3439 800 3494 Convection.
837 3443 887 3494 See
906 3441 1047 3509 Tyndall's
1065 3442 1140 3494 Heat
1157 3459 1173 3494 a
1192 3441 1279 3493 Mode
1295 3437 1328 3492 of

171 3519 291 3584 Motion,
306 3523 341 3589 ·§§
358 3540 417 3589 221,
434 3540 493 3577 222.
529 3522 625 3576 There
645 3523 674 3590 is,
691 3523 723 3576 ol
739 3540 845 3591 course,
864 3541 900 3577 no
919 3525 1066 3591 analogous
1083 3526 1276 3593 phenomenon
1296 3525 1324 3576 ln

169 3602 218 3655 the
236 3620 297 3658 case
316 3605 348 3657 of
362 3607 451 3660 sollds.
490 3605 606 3660 Bacon’s
624 3607 749 3675 example
768 3607 801 3660 of
817 3606 881 3661 ‘the
899 3613 980 3674 tongs
999 3609 1053 3662 and
1073 3608 1174 3676 poker’
1189 3607 1210 3660 is
1227 3605 1325 3674 purely

169 3684 290 3755 sanciful,
309 3689 357 3742 the
378 3689 438 3743 idea
456 3689 553 3756 having
571 3691 704 3759 probably
722 3693 809 3744 arisen
829 3691 901 3744 from
920 3692 968 3745 the
987 3693 1042 3746 fact
1061 3693 1129 3759 that,
1145 3694 1171 3744 in
1191 3690 1274 3744 order
1292 3695 1324 3743 to

170 3771 251 3824 make
267 3772 344 3826 thern
361 3775 440 3826 stand
459 3774 577 3841 upright,
591 3773 656 3840 they
669 3779 743 3826 must
762 3773 797 3826 be
815 3775 928 3842 planted
947 3791 1024 3828 more
1045 3775 1133 3842 firmly
1152 3775 1179 3827 in
1198 3772 1245 3826 the
1265 3772 1323 3840 lire,

169 3855 223 3907 and
235 3871 266 3907 so
279 3857 398 3923 exposed
411 3863 440 3908 to
454 3873 469 3910 a
481 3857 570 3922 larger
585 3863 699 3910 amount
715 3856 748 3909 of
762 3856 834 3923 beat,
847 3857 912 3910 than
927 3858 1005 3910 when
1020 3857 1114 3925 placed
1131 3856 1321 3924 horizontally.

169 3936 326 4004 Morem-er,
340 3941 388 3993 the
401 3940 465 3993 heat
478 3940 602 3993 radlated
615 3939 686 3992 lrom
699 3940 747 3992 the
761 3939 809 3992 fire
824 3941 949 4008 upwarrls
966 3943 991 3992 in
1004 3940 1051 3992 the
1070 3940 1206 3993 dlrcction
1225 3937 1257 3994 of
1272 3940 1321 3994 the

167 4020 294 4091 chimney
308 4023 330 4074 is
343 4024 445 4092 usually
459 4022 541 4076 much
554 4029 664 4090 greater
676 4021 742 4075 than
754 4022 814 4075 that
827 4021 951 4075 radiated
963 4023 1102 4091 sideways.

204 4105 231 4157 lt
243 4106 297 4158 will
310 4106 344 4160 be
357 4122 422 4160 seen
436 4107 509 4160 from
522 4107 596 4160 what
609 4107 631 4159 is
649 4105 715 4158 here
732 4105 797 4172 said,
810 4105 871 4159 that
888 4106 942 4159 this
954 4106 1056 4160 second
1073 4105 1287 4159 differentlation
1300 4105 1322 4160 is

167 4186 296 4243 deluslve.

203 4269 225 4301 ¹⁴
245 4273 320 4326 Heat
333 4273 416 4341 being
428 4273 596 4342 propagated
614 4274 640 4326 in
657 4272 756 4342 liqulds
772 4273 841 4326 both
854 4273 890 4342 by
903 4273 1064 4326 convection
1078 4273 1131 4325 and
1144 4271 1320 4335 conduction,

168 4355 222 4407 and
235 4371 312 4410 more
326 4357 352 4410 in
366 4358 414 4410 the
428 4357 530 4410 former
544 4373 603 4426 way
621 4357 687 4411 than
705 4356 753 4410 the
766 4357 856 4424 latter,
869 4359 890 4410 it
904 4358 956 4410 will
974 4357 1009 4409 be
1027 4357 1097 4424 plain
1115 4355 1186 4408 from
1206 4354 1253 4408 the
1269 4355 1320 4408 last

169 4445 235 4490 note
254 4439 316 4492 that
334 4439 357 4492 it
375 4441 489 4493 ascends
508 4441 534 4492 in
553 4439 629 4493 them
649 4456 727 4492 more
746 4441 857 4510 qulclrly
875 4440 941 4493 than
960 4441 982 4492 it
1000 4439 1141 4492 descends.
1181 4439 1288 4504 Hence,
1305 4455 1321 4492 a

168 4519 254 4589 liquid
268 4521 321 4574 will
333 4523 368 4575 be
382 4525 501 4577 warmed
515 4539 592 4578 more
605 4525 698 4594 slowly
710 4522 746 4590 by
760 4540 775 4576 a
788 4524 836 4578 fire
849 4525 935 4578 above
948 4525 1014 4578 than
1026 4524 1062 4593 by
1075 4539 1091 4576 a
1104 4522 1152 4576 lire
1165 4521 1264 4576 below.

715 4612 778 4676 Dd
