3324 5110
295 413 359 482 300
573 367 575 374 ’
671 404 828 461 rvova
849 403 1067 478 oonrerM,

295 562 328 617 et
344 549 533 628 confundat,
550 550 592 618 de
606 550 850 616 velitationibus
869 563 903 617 et
924 552 1050 618 levibus
1072 553 1216 618 motibus
1231 563 1264 620 et
1283 561 1448 622 transcur⁴

293 657 383 720 sibus
406 655 591 720 intellectus
613 677 679 720 non
702 657 787 720 bene
809 657 1008 739 sperandum
1025 667 1095 737 est;
1119 658 1180 721 nisi
1202 657 1259 722 fiat
1274 660 1446 726 instructio

294 770 327 824 et
337 761 549 836 coordinatio,
561 781 620 843 per
633 761 763 824 tabulas
775 760 995 825 inveniendi⁸⁴
1007 763 1142 826 idoneas
1154 772 1187 826 et
1205 763 1291 827 bene
1305 764 1447 846 disposi-

292 872 344 927 tas
365 874 398 927 et
421 874 579 947 tanquam
594 865 694 942 vivas,
710 885 823 928 eorum
844 885 929 948 quae
952 867 1118 948 pertiuent
1139 868 1183 929 ad
1206 866 1391 949 subjectum
1411 869 1444 931 in

293 988 359 1050 quo
385 978 533 1033 versatur
561 969 735 1052 inquisitio,
759 978 859 1052 atque
888 969 931 1032 ad
958 969 1074 1033 harum
1100 969 1288 1035 tabularum
1319 972 1445 1035 auxilia

293 1084 488 1156 praeparata
504 1084 538 1138 ct
553 1074 682 1156 digesta
699 1093 791 1138 mens
806 1074 999 1160 applicetur.

826 1254 921 1320 Clll.

337 1371 461 1437 Verum
482 1383 558 1457 post
579 1375 709 1459 copiam
731 1374 973 1459 particularium
996 1373 1057 1438 rite
1075 1382 1109 1438 et
1127 1374 1242 1439 ordine
1262 1374 1364 1440 veluti
1384 1373 1446 1441 sub

294 1475 407 1541 oculos
423 1480 611 1562 positorum,
626 1501 691 1544 non
704 1479 817 1544 statim
830 1479 1065 1543 transeundum
1079 1488 1129 1543 est
1140 1480 1183 1543 ad
1201 1480 1447 1563 inquisitionem

295 1591 329 1645 et
342 1583 564 1647 inventionem
578 1604 735 1648 novorum
748 1583 992 1666 particularium
1004 1591 1061 1646 aut
1074 1604 1211 1666 operum
1223 1611 1231 1663 ;
1251 1594 1308 1648 aut
1320 1583 1449 1662 saltem,

295 1685 322 1748 si
341 1685 404 1750 hoc
424 1686 490 1766 fiat,
505 1688 538 1751 in
559 1710 599 1752 eo
620 1710 686 1751 non
709 1688 992 1771 acquiescendum.
1037 1688 1156 1770 Neque
1171 1687 1259 1751 enim
1278 1707 1447 1770 negamus,

295 1800 471 1873 postquam
494 1793 603 1856 omnia
622 1793 770 1856 omnium
791 1792 910 1855 artium
929 1792 1159 1873 experimenta
1183 1791 1320 1857 collecta
1344 1801 1377 1856 et
1398 1793 1448 1856 di·

296 1903 390 1974 gesta
417 1893 535 1958 suerint
560 1905 659 1978 atque
682 1896 725 1959 ad
756 1896 849 1958 unius
878 1894 1023 1958 hominis
1053 1896 1205 1958 notitiam
1230 1905 1264 1959 et
1289 1895 1449 1978 judicium

297 2001 514 2080 pervenerint,
537 2001 615 2082 quin
638 2021 682 2062 ex
704 2001 776 2082 ipsa
799 2001 1004 2064 traductione
1029 2001 1329 2081 experimentorum
1354 2000 1450 2064 unius

298 2103 378 2165 artis
399 2103 430 2165 in
450 2104 530 2167 alias
547 2104 652 2168 multa
672 2124 757 2168 nova
774 2105 910 2170 inveniri
934 2105 1061 2186 possint
1084 2107 1127 2168 ad
1150 2104 1330 2168 humanam
1345 2106 1448 2169 vitam

298 2214 332 2268 et
355 2214 478 2270 statum
501 2207 601 2286 utilia,
618 2228 677 2290 per
691 2209 789 2272 istam
806 2208 1057 2290 Experientiam
1072 2228 1173 2290 quam
1187 2228 1344 2272 vocamus
1359 2208 1450 2272 Lite·

299 2308 457 2375 ratam⁸⁵:
476 2312 535 2375 sed
551 2322 663 2375 tamen
681 2314 808 2376 minora
823 2313 865 2376 de
881 2333 920 2376 ea
936 2312 1099 2394 speranda
1116 2320 1212 2390 sunt3
1233 2312 1358 2394 majora
1372 2333 1451 2377 vero

297 2434 318 2477 a
341 2434 425 2478 nova
448 2415 519 2479 luce
540 2415 798 2480 Axiomatum⁸⁸
818 2437 862 2480 ex
881 2416 1130 2498 particularibus
1153 2415 1215 2480 illis
1238 2426 1327 2480 certa
1345 2417 1398 2480 via
1417 2425 1452 2482 et

299 2519 412 2600 regula
438 2521 640 2596 eductorum,
666 2541 751 2604 quae
773 2541 881 2584 rursus
908 2540 993 2583 nova
1017 2520 1225 2602 particularia
1247 2520 1392 2584 indicent
1415 2529 1450 2586 et

298 2624 482 2706 designent.
520 2625 639 2707 Neque
654 2627 742 2689 enirn
755 2627 787 2688 in
798 2625 897 2708 plano
912 2625 965 2688 via
977 2625 1041 2687 sita
1053 2634 1103 2688 est
1113 2625 1146 2700 ⁸⁷,
1164 2626 1223 2689 sed
1238 2625 1450 2690 ascendendo

299 2737 332 2791 et
348 2729 599 2808 descendend03
620 2729 830 2794 ascendendo
842 2729 948 2811 primo
959 2730 1001 2793 ad
1015 2727 1208 2807 Axiomata,
1218 2730 1451 2794 descendendo

299 2832 341 2896 ad
362 2832 483 2914 Opera.

334 3017 357 3050 '⁴
374 3020 421 3073 He
439 3021 462 3073 is
480 3022 598 3090 alluding
614 3028 645 3075 to
658 3021 768 3088 Tables,
781 3021 847 3074 such
865 3037 894 3074 as
908 3020 987 3073 those
1000 3019 1089 3073 which
1107 3036 1153 3073 are
1170 3020 1250 3088 given
1265 3019 1292 3073 in
1309 3021 1357 3074 the
1376 3020 1453 3089 early

298 3109 361 3173 part
374 3103 406 3156 of
415 3104 463 3158 the
477 3105 584 3158 Second
599 3105 685 3159 Book.

335 3184 357 3216 ⁸⁵
370 3189 420 3240 See
429 3194 496 3241 note
506 3194 537 3254 83
547 3205 584 3242 on
592 3189 662 3258 Aph.
675 3207 734 3243 ror.
747 3188 803 3241 We
811 3193 886 3242 must
893 3186 1025 3241 recollect
1033 3188 1094 3241 that
1101 3188 1150 3242 the
1159 3187 1317 3243 distinction
1325 3189 1453 3243 between

299 3271 494 3339 ‘Experientia
512 3272 648 3326 Literata'
665 3273 719 3327 and
736 3273 951 3340 ‘Interpretatio
967 3271 1089 3325 Naturae
1107 3271 1162 3324 sive
1176 3271 1286 3325 Novum
1299 3273 1454 3340 Organum’

300 3355 322 3406 is
341 3355 401 3407 that
418 3354 465 3408 the
481 3354 587 3409 former
602 3356 736 3425 proceeds
749 3355 800 3409 ‘ab
816 3357 1010 3426 experimentis
1027 3357 1061 3409 ad
1079 3356 1286 3424 experimenta,’
1304 3355 1352 3409 the
1371 3358 1455 3410 latter

300 3437 352 3490 ‘ab
371 3439 563 3506 experimentis
581 3439 616 3492 ad
633 3441 777 3506 axiomata,
795 3456 865 3508 quae
878 3446 907 3493 et
920 3439 977 3508 ipsa
995 3456 1066 3492 nova
1084 3440 1275 3508 experimenta
1293 3439 1456 3508 designent!

302 3521 386 3574 Fora
398 3521 446 3574 tull
463 3530 581 3576 account
594 3524 625 3576 of
636 3525 814 3592 Experientia
827 3524 951 3577 Literata
964 3523 1017 3576 and
1029 3525 1077 3577 the
1090 3524 1198 3578 various
1213 3525 1309 3577 modes
1323 3523 1355 3578 of
1369 3541 1455 3593 expe·

301 3606 449 3673 rimenting
472 3607 561 3660 which
586 3609 608 3661 it
633 3607 762 3675 includes,
787 3623 833 3661 see
858 3607 906 3661 the
931 3607 996 3674 long
1019 3623 1129 3676 passage
1154 3613 1182 3661 at
1206 3607 1254 3662 the
1279 3608 1332 3661 end
1357 3607 1390 3661 of
1409 3609 1454 3662 De

301 3691 471 3757 Augmentis,
491 3691 536 3745 lib.
550 3691 577 3745 ii.
590 3706 649 3759 cap.
664 3708 677 3756 5
694 3690 738 3761 (E.
751 3692 805 3745 and
823 3693 858 3759 S,
880 3692 933 3746 vol.
947 3693 964 3745 i.
987 3708 1031 3760 pp.
1042 3692 1187 3759 ὅπα-633).
1226 3691 1267 3744 Ol
1281 3693 1329 3746 the
1347 3693 1456 3745 various

301 3775 397 3827 modes
416 3774 448 3827 ol
467 3775 693 3842 experimenting,
714 3775 870 3828 Traductio
891 3792 924 3828 or
941 3775 1099 3828 Translatio
1120 3775 1142 3828 is
1162 3775 1227 3844 only
1247 3791 1309 3842 one,
1331 3776 1385 3828 and
1406 3775 1455 3828 the

301 3858 455 3912 ‘traductio
473 3860 726 3927 experimentorum
744 3860 822 3912 unius
840 3858 905 3912 artis
923 3859 950 3912 in
969 3859 1050 3925 alias,’
1063 3858 1185 3924 again,is
1201 3860 1266 3928 only
1278 3875 1333 3913 one
1350 3859 1456 3928 variety

301 3941 333 3996 of
348 3944 411 3997 this.
448 3943 511 3996 The
530 3945 641 3997 student
661 3944 714 3996 will
733 3943 789 3996 lind
811 3941 858 3996 the
877 3959 987 4011 passage
1006 3943 1034 3995 in
1051 3941 1100 3995 the
1119 3942 1164 3994 De
1184 3942 1347 4009 hugmentis
1366 3942 1455 3996 above

302 4027 425 4080 referred
437 4034 477 4094 to,
491 4027 736 4094 notwithstanding
749 4027 784 4080 its
799 4027 902 4094 length,
916 4025 947 4079 of
957 4033 1034 4093 great
1048 4027 1172 4081 interest.

338 4108 360 4139 ⁸⁶
388 4111 438 4178 Cp.
464 4110 508 4164 De
531 4111 700 4178 Augmentis,
720 4112 737 4164 l.
754 4127 797 4164 c.:
834 4110 924 4164 ‘Nam
949 4109 1041 4164 lumen
1061 4111 1148 4178 ipsum
1167 4110 1202 4164 ab
1222 4109 1457 4178 Interpretatione

303 4193 435 4259 Naturae,
453 4193 508 4246 sive
528 4193 608 4248 Novo
628 4195 746 4260 Organo,
765 4195 916 4262 petendum
935 4194 995 4246 est!

339 4273 360 4306 ⁸⁷
382 4277 528 4346 Examples
552 4278 585 4330 of
602 4277 651 4331 the
675 4277 788 4346 upward
813 4292 923 4345 process
948 4292 1022 4329 were
1046 4281 1077 4330 to
1101 4277 1137 4329 be
1159 4275 1238 4343 given
1260 4277 1287 4329 in
1311 4277 1358 4330 the
1381 4276 1460 4329 scala

304 4360 473 4428 Intellectus,
487 4377 520 4413 or
536 4359 630 4416 fourth
647 4367 707 4428 part
724 4359 756 4412 ol
770 4361 818 4412 the
833 4360 998 4414 Instauratio
1012 4358 1123 4427 Magna,
1136 4359 1215 4412 while
1233 4359 1282 4412 the
1300 4359 1459 4414 downward

305 4460 424 4512 process,
446 4461 478 4497 or
499 4445 662 4515 application
684 4451 715 4498 to
734 4445 864 4512 practice,
886 4459 941 4498 was
963 4442 1091 4498 reserved
1110 4441 1153 4497 tor
1174 4443 1222 4498 the
1243 4443 1315 4498 sixth
1334 4441 1388 4497 and
1407 4443 1460 4498 last

305 4533 376 4597 part.
