3346 5104
308 419 371 488 174
652 410 927 468 nrsrnrnurro
950 410 1109 466 opums,

305 575 456 661 neglectu
484 595 543 659 per
566 575 697 640 saecula
722 577 827 641 multa
852 575 1067 640 obtinuerunt
1093 583 1128 640 et
1157 573 1338 640 inveterata
1368 571 1458 659 sunt)

304 681 500 746 nominatim
530 680 762 762 proscribimus
794 691 829 744 et
859 689 1034 757 notamus;
1068 700 1110 744 ne
1142 679 1286 744 scientiis
1315 678 1458 760 amplius

305 786 445 849 molesta
471 784 546 848 sint.
600 784 702 866 Quod
733 785 820 849 enim
851 786 1032 866 prudenter
1054 783 1287 848 animadvertit
1312 783 1457 864 quidam,

304 889 432 954 fabulas
446 899 481 953 et
496 889 744 971 superstitiones
760 899 793 953 et
812 909 916 971 nugas
931 909 1013 970 quas
1034 887 1214 951 nutriculae
1229 887 1339 968 pueris
1355 885 1458 949 instil-

304 995 383 1071 lant,
410 1003 537 1057 mentes
567 1013 679 1056 eorum
709 994 811 1056 etiam
836 993 921 1055 serio
947 992 1149 1073 depravare:
1181 991 1228 1053 ita
1252 990 1369 1053 eadem
1396 1007 1457 1051 nos

306 1097 409 1160 movit
432 1096 515 1160 ratio
538 1105 575 1160 ut
596 1096 726 1160 solliciti
747 1105 848 1178 atque
871 1096 972 1159 etiam
992 1094 1085 1158 anxii
1106 1094 1208 1158 simus
1228 1114 1270 1157 ne
1289 1093 1332 1156 ab
1356 1091 1457 1167 initio,

305 1220 381 1264 cum
399 1200 499 1263 veluti
516 1199 687 1264 infantiam
709 1199 938 1282 philosophiae
955 1199 1017 1263 sub
1032 1197 1167 1262 historia
1183 1197 1322 1262 naturali
1338 1204 1457 1260 tracte·

306 1323 379 1367 mus
401 1311 434 1366 et
457 1322 616 1379 curemus,
638 1303 693 1366 illa
719 1302 817 1366 alicui
839 1302 977 1366 vanitati
1003 1311 1178 1365 assuescat
1232 1299 1283 1364 At
1306 1299 1340 1363 in
1366 1298 1456 1362 omni

306 1407 535 1487 experimento
556 1425 641 1468 novo
662 1415 696 1470 et
718 1405 818 1487 paulo
840 1404 1019 1482 subtiliore,
1034 1404 1111 1467 licet
1131 1401 1182 1488 (ut
1201 1403 1295 1467 nobis
1313 1399 1457 1486 videtur)

306 1519 395 1574 certo
415 1529 454 1572 ac
476 1507 626 1590 probato,
649 1509 786 1573 modum
809 1516 921 1571 tamen
943 1507 1162 1589 experimenti
1183 1527 1250 1588 quo
1271 1506 1320 1570 usi
1344 1525 1457 1568 sumus

305 1621 420 1694 aperte
445 1611 694 1693 subjungimus3
725 1618 770 1688 ut,
792 1619 970 1693 postquam
995 1609 1197 1692 patefactum
1222 1609 1265 1673 sit
1289 1607 1457 1691 quomodo

306 1714 435 1798 singula
447 1714 542 1778 nobis
557 1714 773 1792 constiterint,
784 1714 919 1778 videant
934 1713 1085 1778 homines
1096 1713 1176 1796 quid
1193 1713 1308 1776 erroris
1323 1712 1459 1776 subesse

306 1827 340 1883 et
356 1818 533 1881 adhaerere
551 1819 663 1899 possit,
680 1827 781 1900 atque
796 1818 839 1882 ad
854 1818 1065 1900 probationes
1081 1818 1186 1900 magis
1201 1817 1285 1881 fidas
1301 1825 1333 1880 et
1352 1815 1458 1897 magis

306 1921 488 2003 exquisitas
503 1917 544 2003 (si
564 1941 651 2003 quae
673 1919 753 2006 sint)
768 1920 1063 2003 expergiscantur:
1086 1921 1228 2003 denique
1245 1921 1366 2002 ubique
1386 1939 1457 1982 mo-

306 2025 375 2087 nita
390 2033 424 2087 et
439 2023 608 2105 scrupulos
623 2033 657 2088 et
672 2026 841 2088 cautiones
855 2024 1068 2106 aspergimus,
1084 2023 1240 2106 religione
1259 2024 1405 2106 quadam
1423 2029 1458 2086 et

305 2137 464 2208 tanquam
474 2127 659 2190 exorcismo
668 2129 780 2191 omnia
790 2126 1023 2210 phantasmata
1033 2126 1198 2208 ejicientes
1208 2149 1246 2192 ac
1256 2127 1455 2192 cohibentes.

350 2229 532 2304 Postremo,
548 2250 624 2293 cum
640 2231 734 2294 nobis
749 2231 958 2313 exploratum
974 2231 1017 2294 sit
1032 2239 1236 2313 quantopere
1251 2231 1457 2312 experientia

306 2342 340 2396 et
362 2331 497 2396 historia
516 2332 622 2396 aciem
644 2333 763 2397 mentis
783 2333 949 2397 humanae
970 2333 1144 2415 disgreget,
1161 2343 1195 2398 et
1209 2355 1310 2416 quam
1326 2332 1460 2397 difficile

305 2437 348 2500 sit
364 2433 568 2520 (praesertim
585 2436 703 2500 animis
715 2435 766 2500 vel
781 2437 904 2500 teneris
917 2436 971 2500 vel
986 2435 1249 2521 praeoccupatis)
1261 2458 1282 2501 a
1297 2437 1457 2519 principio

306 2560 382 2604 cum
413 2547 530 2602 natura
560 2560 780 2617 consuescere,
811 2540 1023 2623 adjungimus
1052 2541 1182 2622 saepius
1212 2541 1458 2604 observationes

307 2653 445 2718 nostras,
457 2651 616 2724 tanquam
632 2643 754 2724 primas
764 2643 926 2724 quasdam
939 2643 1167 2706 conversiones
1182 2653 1215 2706 et
1232 2643 1458 2706 inclinationes

307 2767 346 2811 ac
368 2747 470 2810 veluti
492 2755 645 2828 aspectus
668 2746 824 2811 historiae
846 2748 889 2810 ad
914 2745 1176 2829 philosophiam3
1199 2754 1237 2810 ut
1259 2755 1293 2810 et
1313 2746 1458 2828 pignoris

308 2852 381 2915 loco
403 2851 592 2914 hominibus
616 2850 682 2913 sint
708 2870 764 2914 eos
791 2851 824 2912 in
848 2850 1004 2913 historiae
1030 2849 1183 2912 fluctibus
1207 2859 1367 2931 perpetuo
1391 2868 1458 2911 non

308 2954 462 3018 detentos
478 2954 524 3032 iri,
539 2963 640 3036 utque
663 2973 737 3017 cum
760 2953 804 3016 ad
826 2973 909 3035 opus
928 2952 1113 3016 intellectus
1135 2953 1326 3016 deveniatur
1347 2950 1459 3014 omnia

308 3057 374 3121 sint
396 3057 501 3138 magis
525 3057 557 3118 in
576 3057 754 3138 procinctu.
807 3053 923 3136 Atque
944 3075 1002 3138 per
1021 3052 1210 3136 hujusmodi
1231 3051 1378 3138 (qualem
1401 3053 1459 3118 de·

309 3155 494 3242 scribimus)
511 3159 693 3222 Historiam
710 3158 914 3234 Naturalem,
930 3160 1058 3223 aditum
1079 3159 1247 3240 quendam
1268 3158 1337 3222 fieri
1360 3177 1459 3240 posse

310 3263 353 3325 ad
370 3272 521 3324 naturam
537 3270 645 3324 tutum
667 3269 701 3325 et
722 3262 943 3340 commodum,
959 3271 1062 3343 atque
1084 3263 1256 3326 materiam
1279 3259 1458 3326 intellectui

307 3365 454 3448 praeberi
470 3365 609 3447 probam
625 3373 659 3429 et
674 3375 912 3447 praeparatam,
927 3386 1107 3430 censemus.

351 3570 532 3651 Postquam
547 3589 625 3633 vero
641 3577 674 3633 et
689 3565 892 3633 intellectum
908 3569 1075 3635 fidissimis
1089 3569 1221 3634 auxiliis
1236 3591 1273 3634 se
1287 3568 1458 3652 praesidiis

253 3757 255 3760 Ι
309 3673 512 3755 stipavimus,
524 3683 557 3736 et
570 3671 698 3753 justum
711 3672 896 3737 divinorum
909 3693 1046 3756 operum
1059 3675 1241 3738 exercitum
1253 3674 1458 3738 severissimo

308 3776 438 3841 delectu
459 3776 740 3858 comparavimus;
763 3776 809 3839 nil
830 3777 972 3858 amplius
993 3798 1163 3860 superesse
1182 3777 1320 3853 videtur,
1339 3776 1400 3840 nisi
1421 3787 1459 3840 ut

307 3877 550 3963 philosophiam
566 3879 671 3961 ipsam
690 3880 927 3962 aggrediamur.
971 3879 1135 3946 Attamen
1157 3882 1244 3945 inre
1265 3891 1334 3944 tam
1355 3881 1458 3943 ardua

309 3994 344 4047 et
372 4002 540 4064 suspensa,
564 3991 641 4046 sunt
669 3984 833 4066 quaedam
860 4003 946 4065 quae
972 3985 1156 4052 necessario
1181 3985 1335 4050 videntur
1359 3985 1459 4048 inter-

308 4085 482 4172 ponenda;
502 4086 622 4167 partim
638 4087 779 4152 docendi
795 4088 908 4169 gratia,
923 4089 1043 4169 partim
1059 4089 1092 4150 in
1107 4107 1203 4152 usum
1219 4096 1436 4169 praesentem.

352 4187 481 4252 Horum
505 4188 647 4269 primum
669 4199 727 4266 est,
745 4199 782 4252 ut
802 4190 958 4271 exempla
979 4200 1205 4273 proponantur
1222 4191 1406 4272 inquirendi
1424 4199 1459 4254 et

307 4290 495 4357 inveniendi
518 4292 699 4354 secundum
723 4301 869 4356 nostram
892 4293 1052 4356 rationem
1075 4314 1113 4357 ac
1132 4293 1230 4370 viam,
1245 4292 1279 4356 in
1294 4291 1460 4374 aliquibus

308 4391 466 4476 subjectis
478 4404 740 4477 repraesentata:
763 4397 924 4460 sumendo
940 4417 978 4460 ea
994 4395 1201 4479 potissimum
1214 4395 1361 4478 subjecta
1373 4415 1460 4478 quae

309 4507 343 4563 et
358 4500 443 4562 inter
455 4517 493 4560 ea
505 4518 590 4580 quae
602 4509 803 4582 quaeruntur
817 4508 893 4563 sunt
906 4500 1107 4564 nobilissima
1119 4511 1152 4565 et
1168 4500 1254 4564 inter
1263 4521 1299 4563 se
1312 4499 1459 4563 maxime
