3306 5102
646 404 728 460 LIB.
751 403 796 459 II.
823 414 872 481 13·
1274 397 1338 486 387

182 569 363 651 Postquam
387 576 500 632 autem
526 566 624 632 fuerit
645 569 766 633 vitrum
789 568 870 634 illud
894 567 1102 650 collocatum,
1122 581 1159 635 ut
1185 571 1341 653 diximus,

181 675 315 758 recipiet
325 684 359 737 et
369 672 542 738 contrahet
551 694 586 736 se
597 680 654 737 a'e‘r
664 672 736 758 (qui
745 675 904 738 dilatatus
914 685 984 739 erat
996 696 1054 758 per
1064 676 1338 764 calefactionem),

181 789 256 860 post
273 799 400 843 moram
420 778 637 842 sufficientem
655 798 716 861 pro
735 779 940 844 extinctione
955 779 1042 844 illius
1060 781 1192 846 ascititii
1213 782 1340 862 caloris,

181 883 225 947 ad
240 881 342 947 talem
359 882 588 946 extensionem
607 881 676 946 sive
696 882 937 947 dimensionem
958 882 1065 967 qualis
1083 885 1144 949 erit
1164 886 1249 949 ae'ris
1267 907 1339 949 arn-

182 990 303 1054 bientis
318 998 376 1052 aut
392 987 576 1052 communis
588 997 666 1053 tunc
679 989 838 1071 temporis
853 991 987 1071 quando
1003 991 1193 1055 immittitur
1207 993 1338 1068 vitrum,

183 1103 284 1177 atque
308 1091 455 1157 attrahet
481 1112 603 1174 aquam
630 1093 662 1154 in
689 1113 819 1156 sursum
845 1094 888 1156 ad
918 1092 1108 1174 hujusmodi
1139 1116 1338 1162 mensuram.

184 1198 296 1262 Debet
311 1206 424 1260 autem
443 1196 588 1279 appendi
606 1195 721 1260 charta
742 1207 884 1279 angusta
903 1207 936 1261 et
959 1198 1114 1281 oblonga,
1129 1210 1163 1265 et
1183 1202 1340 1283 gradibus

183 1299 281 1386 (quot
303 1298 448 1385 libuerit)
471 1300 686 1366 interstincta.
730 1301 869 1366 Videbis
891 1311 1012 1381 autem,
1035 1312 1134 1384 prout
1157 1315 1340 1388 tempestas

183 1406 248 1472 diei
267 1405 434 1470 incalescit
456 1413 515 1468 aut
536 1403 690 1486 frigescit,
708 1411 818 1468 aerem
841 1426 877 1468 se
900 1405 1097 1486 contrahere·
1114 1407 1147 1469 in
1167 1409 1340 1490 angustius

183 1530 243 1593 per
257 1509 411 1592 frigidum
434 1519 468 1572 et
491 1509 672 1573 extendere
694 1528 730 1572 se
753 1510 786 1572 in
809 1508 908 1573 latius
931 1531 991 1592 per
1009 1510 1151 1574 calidum
1163 1537 1171 1590 ;
1196 1512 1230 1576 id
1249 1512 1340 1594 quod

184 1615 401 1697 conspicietur
416 1633 476 1697 per
497 1633 619 1696 aquam
642 1614 877 1677 ascendentem
895 1614 1029 1696 quando
1052 1614 1256 1679 contrahitur
1276 1623 1340 1694 ae'r,

184 1727 217 1782 et
232 1719 489 1783 descendentem
508 1717 576 1780 sive
598 1717 791 1799 depressum
813 1718 947 1799 quando
970 1717 1126 1782 dilatatur
1147 1727 1212 1784 aer.
1257 1719 1340 1785 Sen-

183 1842 238 1886 sus
260 1833 371 1888 autem
394 1821 486 1900 a'e'ris,
505 1831 669 1904 quatenus
691 1821 734 1886 ad
758 1821 900 1885 calidum
924 1830 958 1885 et
980 1820 1145 1904 frigidum,
1169 1833 1239 1887 tam
1263 1826 1340 1888 sub·

185 1926 252 1990 tilis
277 1937 327 1991 est
351 1937 384 1991 et
411 1927 595 2010 exquisitus
618 1934 655 1989 ut
682 1925 873 1989 facultatem
900 1935 1009 1990 tactus
1034 1926 1170 1990 humani
1197 1928 1340 1992 multum

186 2040 332 2114 superet;
355 2032 439 2094 adeo
456 2041 491 2095 ut
508 2029 586 2095 solis
602 2030 712 2093 radius
727 2030 855 2113 aliquis,
865 2040 923 2094 aut
939 2029 1029 2095 calor
1042 2030 1217 2108 anhelitus,
1234 2034 1340 2098 multo

187 2135 292 2217 magis
318 2135 406 2200 calor
431 2155 556 2214 manus,
582 2155 681 2217 super
704 2135 778 2198 vitri
804 2135 1031 2200 summitatem
1062 2137 1198 2220 positus,
1226 2139 1339 2202 statim

186 2237 350 2321 deprimat
387 2260 509 2322 aquam
543 2237 728 2302 manifesto.
785 2237 950 2302 Attamen
984 2240 1214 2305 existimamus
1248 2244 1341 2324 spiri-

185 2352 257 2408 tum
288 2343 481 2406 animalium
491 2343 517 2380 ⁶⁶
549 2343 654 2426 magis
684 2342 793 2407 adhuc
824 2344 1026 2424 exquisitum
1057 2367 1189 2410 sensum
1218 2345 1340 2410 habere

186 2447 282 2512 calidi
314 2456 347 2510 et
377 2447 497 2530 frigidi,
521 2448 582 2512 nisi
612 2447 702 2530 quod
729 2468 750 2510 a
780 2447 867 2510 mole
897 2467 1054 2532 corporea
1080 2451 1279 2532 impediatur
1307 2461 1341 2515 et

185 2551 368 2615 hebetetur.

229 2674 281 2739 39.
306 2655 386 2720 Post
401 2661 520 2735 ae'rem,
535 2656 764 2721 existimamus
779 2676 916 2738 corpora
931 2676 1004 2720 esse
1019 2657 1166 2722 maxime
1186 2658 1341 2722 sensitiva

186 2759 302 2825 caloris
318 2782 357 2825 ea
373 2781 457 2844 quae
472 2782 492 2824 a
508 2761 627 2844 frigore
642 2770 789 2826 recenter
804 2761 979 2824 immutata
999 2761 1065 2825 sint
1087 2770 1122 2826 et
1144 2782 1340 2844 compressa,

185 2862 296 2947 qualia
318 2875 394 2928 sunt
417 2865 476 2928 nix
499 2875 533 2929 et
554 2865 696 2948 glacies;
728 2886 767 2929 ea
789 2864 877 2929 enim
900 2864 965 2928 leni
987 2864 1099 2947 aliquo
1121 2873 1236 2948 tepore
1258 2865 1340 2928 solvi

186 2969 344 3051 incipiunt
367 2980 401 3033 et
424 2969 602 3052 colliquari.
648 2970 727 3034 Post
750 2968 805 3033 illa
828 2970 975 3052 sequitur
1004 2968 1142 3034 fortasse
1164 2978 1340 3051 argentum

185 3071 306 3137 vivum.
352 3074 431 3139 Post
447 3072 527 3138 illud
544 3083 725 3156 sequuntur
740 3093 878 3157 corpora
896 3073 1038 3156 pinguia,
1054 3083 1090 3137 ut
1108 3073 1227 3153 oleum,
1241 3073 1341 3156 buty-

186 3197 266 3257 rum,
279 3187 313 3243 et
325 3177 458 3256 similia;
482 3179 603 3243 deinde
613 3177 739 3262 lignum
747 3199 755 3257 ;
778 3177 899 3242 deinde
909 3197 1012 3258 aqua3
1035 3186 1203 3260 postremo
1212 3177 1341 3260 lapides

186 3291 220 3345 et
236 3282 379 3360 metalla,
396 3303 481 3365 quae
497 3303 563 3346 non
579 3281 674 3346 facile
690 3280 854 3359 calefiunt,
869 3281 1061 3362 praesertim
1079 3280 1252 3347 interius⁰⁷.
1278 3281 1341 3346 Illa

187 3395 299 3450 tamen
323 3387 465 3451 calorem
488 3385 591 3450 semel
613 3394 805 3468 susceptum
834 3384 1018 3450 diutissime
1042 3385 1203 3463 retinent3
1233 3385 1281 3449 ita
1303 3394 1341 3451 ut

186 3487 269 3554 later
291 3501 349 3555 aut
374 3491 458 3574 lapis
483 3499 542 3554 aut
563 3489 685 3553 ferrum
708 3489 849 3571 ignitum
873 3489 906 3552 in
928 3489 1050 3572 pelvim
1073 3511 1180 3572 aquae
1202 3487 1340 3570 frigidae

221 3677 243 3710 ⁸⁶
256 3679 326 3733 This
334 3680 443 3733 remark
450 3680 471 3733 is
478 3680 504 3732 in
511 3675 752 3733 accordancewith
761 3677 877 3731 Bacon’s
887 3677 1015 3746 ordinary
1022 3676 1186 3744 conception
1192 3674 1225 3727 of
1231 3673 1340 3743 ‘spirit,'

185 3762 239 3816 and
252 3763 398 3834 especially
410 3762 443 3815 of
459 3762 540 3816 ‘vital
552 3761 649 3830 spirit,'
668 3776 697 3812 as
715 3759 763 3813 the
782 3766 855 3812 most
871 3759 976 3812 refined
988 3759 1042 3812 and
1054 3758 1170 3812 delicate
1182 3755 1214 3809 of
1228 3757 1262 3810 all
1274 3756 1339 3810 sub-

183 3854 300 3900 stances.
337 3847 370 3900 ln
389 3848 437 3900 the
456 3846 580 3899 Historia
599 3845 680 3897 Vitae
699 3849 728 3896 et
746 3843 847 3896 Mortis
868 3841 913 3910 (E.
932 3842 986 3896 and
1005 3844 1041 3908 8.,
1057 3841 1111 3895 vol.
1130 3841 1157 3894 ii.
1173 3855 1200 3909 p.
1221 3840 1283 3908 215)
1303 3839 1340 3892 he

182 3929 295 3996 regards
313 3930 395 3983 ‘vital
412 3929 506 3998 spirit’
525 3945 554 3981 as
566 3926 715 3995 composed
727 3925 760 3979 of
774 3927 816 3978 air
834 3925 887 3978 and
907 3925 996 3978 flame.
1032 3924 1174 3977 ‘Alterum
1193 3924 1339 3976 discrimen

183 4013 257 4065 inter
265 4013 376 4082 spiritus
386 4019 444 4080 est,
463 4011 540 4082 quod
552 4011 663 4080 spiritus
673 4009 760 4062 vitalis
772 4008 930 4062 nonnullam
940 4007 1039 4062 habeat
1048 4007 1244 4073 incensionem,
1255 4012 1339 4076 atque

182 4095 218 4149 sit
229 4101 361 4166 tanquam
375 4115 441 4151 aura
454 4096 607 4164 composita
619 4109 654 4146 ex
667 4093 776 4146 flamma
788 4098 818 4145 et
831 4093 912 4146 nere.¹

218 4176 240 4209 ‘⁷
260 4181 304 4234 On
326 4181 374 4236 the
394 4181 523 4234 different
542 4195 649 4249 powers
667 4175 700 4230 of
715 4175 884 4243 conducting
902 4176 967 4230 heat
988 4175 1131 4244 possessed
1153 4173 1190 4243 by
1209 4173 1339 4227 different

182 4261 288 4330 bodies,
308 4280 355 4318 see
380 4264 523 4336 Tyndall's
546 4263 622 4317 Heat
647 4278 662 4315 a
688 4260 774 4313 Mode
795 4259 827 4313 of
849 4260 970 4325 Motion,
991 4258 1045 4312 and
1071 4257 1132 4325 Ed,
1152 4259 1184 4325 §t
1206 4274 1338 4322 244·²5⁰·

183 4345 251 4400 Asa
267 4348 378 4414 general
394 4349 463 4416 rule,
476 4347 573 4401 metals
591 4362 638 4400 are
657 4346 704 4398 the
723 4344 785 4397 best
803 4344 970 4397 conductors
988 4340 1020 4396 of
1036 4342 1110 4395 beat.
1146 4341 1217 4395 This
1236 4341 1257 4393 is
1275 4356 1339 4408 pre·

184 4430 336 4501 eminently
355 4433 403 4486 the
418 4449 479 4487 case
497 4431 563 4486 with
578 4430 660 4484 silver
675 4428 729 4483 aud
748 4444 860 4497 copper.
899 4427 965 4481 lron
980 4426 1002 4480 is
1021 4424 1233 4495 comparatively
1251 4441 1266 4478 a
1285 4424 1339 4478 bad

184 4513 347 4572 conductor.

716 4615 806 4667 Cc2
