3324 5110
301 343 365 430 328
679 349 835 409 NOVUM
856 349 1073 406 ORGANUM.

301 538 496 596 monemus;
519 517 570 582 his
594 519 711 594 modis,
726 518 783 601 qui
806 517 839 580 in
863 537 922 579 usu
945 525 1030 592 sunt,
1053 535 1113 579 nec
1136 533 1275 596 magnos
1298 513 1330 576 in
1349 511 1454 577 scien·

299 623 419 685 tiarum
443 622 600 686 doctrinis
623 632 656 686 et
679 622 960 704 contemplatione
982 639 1172 701 progressus
1195 618 1273 696 fieri,
1296 637 1355 681 noc
1380 616 1455 679 illas

300 727 342 788 ad
358 727 611 810 amplitudinem
627 747 764 808 operum
780 726 897 790 deduci
914 745 1021 808 posse.

800 929 962 997 CXXIX.

344 1048 503 1132 Superest
529 1061 566 1114 ut
592 1052 635 1116 de
663 1053 753 1116 Finis
779 1051 979 1116 excellentia
1005 1070 1111 1132 pauca
1141 1049 1298 1113 dicamus.
1344 1047 1395 1112 Ea
1425 1047 1453 1111 si

299 1155 388 1235 prius
412 1155 501 1227 dicta
525 1156 672 1233 fuissent,
696 1159 782 1220 votis
807 1157 925 1220 similia
948 1155 1051 1219 videri
1076 1153 1279 1237 potuissent:
1311 1153 1370 1215 sed
1394 1171 1454 1233 spe

295 1254 366 1337 jam
392 1257 489 1334 lacta,
516 1270 549 1323 et
569 1259 688 1343 iniquis
709 1261 917 1343 praejudiciis
941 1258 1089 1333 sublatiS,
1113 1257 1186 1340 plus
1209 1257 1348 1319 fortasse
1370 1275 1453 1336 pon·

299 1361 385 1424 deris
407 1362 586 1428 habebunt.
633 1364 731 1448 Quod
755 1365 781 1430 si
806 1387 865 1428 nos
890 1364 1003 1428 omnia
1027 1361 1274 1444 perfecissemus
1297 1369 1330 1423 et
1353 1359 1453 1441 plane

297 1465 560 1544 absolvissemus,
592 1490 651 1534 nec
680 1471 762 1535 alios
792 1471 825 1533 in
855 1479 983 1552 partem
1011 1477 1044 1530 et
1075 1465 1275 1530 consortium
1303 1464 1452 1526 laborum

297 1568 437 1633 subinde
452 1592 651 1647 vocaremus,
669 1575 769 1638 etiam
785 1574 828 1636 ab
843 1571 1033 1654 hujusmodi
1048 1570 1156 1633 verbis
1172 1567 1452 1642 abstinuissemuS,

298 1692 339 1735 ne
361 1674 587 1755 acciperentur
610 1676 644 1739 in
668 1677 948 1758 praedicationem
974 1673 1081 1737 meriti
1109 1673 1220 1736 nostri.
1267 1670 1352 1734 Cum
1374 1689 1453 1732 vero

298 1774 438 1838 aliorum
464 1778 622 1842 industria
648 1781 796 1843 acuenda
822 1779 865 1842 sit
892 1787 924 1842 et
952 1777 1052 1840 animi
1080 1775 1247 1839 excitandi
1273 1783 1372 1856 atque
1398 1793 1452 1836 ac-

298 1879 468 1956 cendendi,
481 1893 739 1946 consentaneum
756 1892 804 1945 est
821 1891 857 1944 ut
869 1881 1035 1964 quaedam
1050 1879 1239 1942 hominibus
1254 1878 1287 1940 in
1305 1887 1451 1940 mentem

298 1981 495 2062 redigamus.

344 2085 452 2148 Primo
469 2087 588 2167 itaque,
604 2087 735 2151 videtur
748 2089 957 2152 inventorum
978 2087 1137 2150 nobilium
1153 2085 1351 2148 introductio
1367 2085 1453 2149 inter

298 2188 445 2250 actiones
460 2188 621 2252 humanas
636 2191 733 2273 longe
749 2193 870 2274 primas
886 2200 997 2272 partes
1012 2200 1137 2253 tenere:
1161 2189 1194 2252 id
1210 2190 1300 2270 quod
1316 2189 1453 2271 antiqua

298 2291 427 2353 saecula
452 2291 692 2372 judicaverunt.
737 2295 789 2357 Ea
820 2295 907 2357 enim
938 2314 1044 2357 rerum
1076 2292 1299 2355 inventoribus
1326 2293 1453 2356 divinos

297 2390 439 2456 honores
461 2394 645 2460 tribuerunt
655 2395 701 2474 ⁶⁴3
726 2397 763 2459 iis
786 2406 899 2460 autem
920 2396 976 2479 qui
1000 2395 1033 2458 in
1057 2395 1153 2458 rebus
1176 2394 1324 2458 civilibus
1348 2416 1452 2459 mere-

298 2497 418 2561 bantur
433 2495 561 2583 (quales
583 2511 676 2564 erant
698 2503 827 2565 urbium
851 2511 884 2565 et
906 2502 1117 2583 imperiorum
1141 2501 1334 2576 conditores,
1356 2499 1453 2581 legis-

298 2599 429 2677 latores
454 2604 632 2684 patriarum
656 2627 675 2668 a
698 2607 859 2669 diuturnis
887 2605 982 2667 malis
1012 2605 1210 2678 liberatores,
1238 2604 1452 2686 tyrannidum

299 2704 526 2784 debellatores,
552 2718 584 2770 et
611 2708 661 2770 his
688 2709 831 2787 similes),
857 2709 995 2771 heroum
1021 2718 1150 2771 tantum
1175 2706 1317 2769 honores
1341 2708 1453 2770 decre-

262 2883 264 2886 ·
298 2818 425 2871 verunt.
471 2808 586 2892 Atque
613 2820 701 2874 certe
731 2811 856 2894 siquis
882 2832 921 2874 ea
948 2821 1035 2874 recte
1060 2810 1213 2888 conferat,
1236 2809 1362 2891 justum
1389 2809 1453 2873 hoc

335 3035 357 3067 ⁰⁴
377 3039 429 3106 Cp.
452 3040 496 3092 De
516 3043 684 3106 Augnrentis,
704 3043 750 3096 lib.
769 3041 786 3110 i,
807 3043 839 3096 E.
858 3043 911 3096 and
931 3045 966 3110 8.,
984 3043 1036 3096 rol.
1054 3043 1071 3096 i.
1091 3059 1117 3110 p.
1137 3057 1205 3106 470:
1225 3041 1353 3109 ‘Qippe
1371 3055 1454 3108 supra

302 3121 436 3174 humanos
460 3123 586 3188 honores,
608 3124 711 3178 heroici
737 3127 952 3179 numerabantur
982 3132 1011 3179 et
1042 3125 1141 3190 divini;
1171 3126 1198 3178 in
1221 3139 1339 3192 quorum
1361 3123 1453 3176 distri·

300 3205 415 3257 butione
440 3206 512 3259 hunc
537 3208 662 3261 ordinem
687 3215 802 3262 tenuere
824 3217 940 3263 veteres.
986 3210 1261 3278 Rerumpublicarum
1286 3207 1455 3274 conditores,

299 3289 474 3356 legislatores,
492 3291 686 3360 tyrannicidae,
706 3299 796 3358 patres
814 3295 926 3360 patriae,
942 3293 1046 3362 quique
1066 3295 1093 3345 in
1110 3293 1191 3346 rebus
1208 3291 1330 3344 civilibus
1347 3292 1453 3359 optime

300 3379 470 3438 meruerunt,
485 3373 604 3440 insigniti
623 3380 688 3426 sunt
701 3375 782 3427 titulo
796 3376 923 3428 Heroum
943 3382 1060 3442 tantum,
1074 3382 1122 3428 aut
1136 3375 1340 3441 Semideorum3
1360 3374 1455 3442 quales

301 3455 379 3509 fuere
403 3455 535 3523 Theseus,
558 3457 659 3524 Minos,
682 3457 824 3524 Romulus
845 3461 996 3528 ceterique.
1034 3460 1075 3511 Ex
1094 3460 1180 3512 altera
1201 3463 1277 3525 parte
1297 3459 1455 3512 inventores

301 3547 331 3592 et
348 3539 477 3593 authores
495 3557 627 3593 novarum
644 3542 754 3608 artium,
771 3543 873 3610 quique
890 3545 974 3596 vitam
995 3543 1141 3596 humanam
1160 3541 1238 3594 novis
1254 3541 1407 3594 commodis
1426 3547 1455 3594 et

301 3623 501 3676 accessionibus
519 3624 661 3691 dotarunt,
673 3641 781 3694 semper
800 3628 953 3678 consecrati
973 3633 1037 3678 sunt
1055 3627 1128 3678 inter
1141 3625 1217 3678 Deos
1230 3625 1301 3692 ipsos
1314 3624 1456 3692 Majores3

305 3707 379 3774 quod
399 3707 504 3774 Cereri,
524 3707 644 3774 Baccho,
666 3708 816 3774 Mercurio,
838 3710 965 3776 Apollini,
986 3715 1014 3762 et
1034 3708 1091 3761 aliis
1112 3708 1235 3774 contigit.
1273 3707 1357 3775 Qrod
1378 3713 1457 3760 certe

300 3789 364 3858 jure
386 3795 416 3842 et
436 3806 502 3843 sano
523 3806 586 3844 cum
607 3790 714 3858 judicio
733 3791 838 3846 factum
861 3799 912 3845 est.
958 3791 1030 3844 Nam
1051 3791 1174 3859 priorum
1194 3790 1365 3843 benemerita
1384 3791 1457 3842 intra

304 3874 384 3925 unius
409 3874 506 3926 aetatis
531 3884 578 3927 aut
603 3876 720 3928 nationis
744 3875 844 3929 limites
868 3875 927 3928 sere
952 3878 1131 3942 coercentur3
1163 3890 1213 3927 nec
1236 3874 1368 3927 absimilia
1392 3881 1456 3927 sunt

303 3956 436 4008 imbribus
457 3958 624 4025 tempestivis
644 3964 674 4011 et
694 3958 826 4024 benignis,
846 3959 891 4026 qui
913 3958 1036 4026 quamvis
1054 3956 1177 4023 frugiferi
1197 3957 1252 4009 sint
1272 3963 1356 4024 atque
1376 3962 1456 4024 opta-

302 4041 379 4106 biles,
398 4047 491 4093 tamen
513 4056 564 4108 pro
582 4041 625 4093 illa
644 4047 810 4109 tempestate
831 4048 937 4094 tantum
956 4058 1010 4109 qua
1029 4041 1169 4106 decidunt,
1185 4047 1269 4108 atque
1290 4056 1341 4107 pro
1361 4041 1457 4108 ampli-

303 4124 399 4176 tudine
412 4131 516 4177 tractus
529 4132 619 4176 terrae
629 4140 712 4192 quam
725 4125 845 4192 irrigant,
856 4125 935 4177 utiles
947 4131 1010 4178 sunt
1021 4143 1028 4192 ;
1046 4125 1229 4192 posteriorum
1240 4140 1305 4177 vero
1315 4123 1458 4192 beneficia,

301 4213 333 4259 ut
353 4207 434 4275 ipsius
455 4208 518 4260 solis
540 4213 568 4260 et
589 4208 750 4261 coelestium
770 4224 893 4273 munera,
912 4208 1082 4275 temporibus
1102 4216 1242 4276 perpetua,
1262 4207 1329 4259 locis
1351 4207 1458 4262 infinita

303 4299 376 4343 sunt.
421 4290 470 4342 Illa
491 4307 584 4344 rursus
606 4307 670 4344 cum
693 4292 871 4345 contentione
892 4299 922 4344 et
941 4291 1148 4359 perturbatione
1169 4297 1200 4344 ut
1221 4291 1368 4366 plurimum
1390 4306 1458 4344 con·

301 4373 400 4441 juncta
430 4380 509 4441 sunt;
544 4374 612 4427 haec
649 4374 752 4428 habent
781 4391 877 4428 verum
907 4377 1094 4428 characterem
1128 4374 1244 4428 Divinae
1273 4375 1459 4444 Praesentiae,

305 4457 472 4527 veniuntque
492 4457 518 4508 in
537 4477 605 4512 aura
624 4457 681 4525 leni,
699 4459 803 4529 absque
823 4460 942 4513 tumultu
961 4465 1007 4514 aut
1027 4457 1162 4528 strepitu.'
