3324 5108
322 443 365 528 56
738 443 1066 508 rwrrooucrrort

324 619 516 684 differentiam
530 641 636 695 veram,
651 621 712 682 sive
727 631 860 683 naturam
876 631 1069 692 naturantem,
1085 615 1143 682 sive
1160 615 1272 681 iontem
1287 615 1482 682 emanationis

325 723 393 803 (ista
414 723 493 782 enim
521 721 662 781 vocabula
689 721 840 792 habemus,
869 739 945 798 quae
973 722 1011 779 ad
1040 720 1248 779 indicationem
1276 721 1318 780 rei
1347 719 1481 798 proxime

323 819 481 899 accedunt)
502 820 638 892 invenire,
654 837 729 896 opus
750 829 779 878 et
800 819 924 878 intentio
944 829 988 877 est
1009 817 1154 877 humanae
1176 819 1331 878 scientiae!
1373 819 1481 893 Again,

323 921 354 978 in
369 919 394 977 ii.
412 938 439 991 4,
455 919 492 978 he
506 918 570 977 tells
584 933 636 978 us:
659 916 770 976 ‘sorma
784 935 851 976 vera
866 916 930 976 talis
952 924 1004 987 est,
1020 924 1052 974 ut
1073 927 1206 976 naturam
1221 917 1318 977 datam
1340 935 1377 976 err
1400 916 1481 974 fonte

323 1018 422 1094 aliquo
443 1018 585 1076 essentiae
606 1017 739 1077 deducat.
761 1034 837 1093 quae
858 1017 932 1074 inest
953 1013 1092 1092 pluribus,
1114 1025 1143 1074 et
1167 1017 1264 1076 notior
1291 1024 1336 1075 est
1360 1025 1481 1075 naturae

323 1113 368 1194 (ut
382 1111 551 1194 loquuntur)
566 1133 655 1192 quam
670 1116 735 1191 ipsa
749 1113 879 1185 sorma;’
901 1114 932 1172 in
946 1113 1030 1172 other
1044 1112 1146 1186 words,
1162 1114 1183 1172 it
1197 1113 1221 1173 is
1236 1113 1285 1173 the
1301 1113 1482 1172 ‘differentia

323 1215 408 1273 vera'
450 1214 486 1272 In
507 1213 537 1275 ii.
561 1231 607 1286 ao,
628 1213 665 1272 ad
687 1213 736 1272 fin.
758 1211 795 1270 he
817 1212 885 1271 calls
906 1213 928 1270 it
949 1211 997 1270 the
1020 1211 1165 1272 ‘definitio
1186 1209 1290 1272 verat'
1324 1211 1387 1270 ‘Ex
1408 1209 1482 1269 Vin·

323 1312 501 1372 demiatione
522 1323 619 1372 autern
641 1313 695 1370 ista
716 1310 822 1381 Prima,
838 1309 945 1369 Forma
959 1310 1018 1369 sive
1040 1307 1168 1369 definitio
1189 1328 1258 1368 vera
1279 1309 1394 1369 Caloris
1415 1309 1481 1367 talis

323 1409 383 1482 est,'
397 1418 449 1471 &e
492 1409 528 1469 ln
542 1409 666 1469 another
687 1407 769 1485 place
784 1406 824 1485 (ii.
843 1407 899 1486 13),
915 1408 963 1466 the
985 1407 1060 1466 form
1081 1408 1105 1468 is
1127 1407 1250 1484 actually
1272 1407 1425 1467 described
1447 1423 1481 1466 as

325 1509 488 1586 ‘ipsissima
507 1507 601 1568 res³'¹.'
643 1507 740 1577 Then,
756 1505 836 1565 there
850 1525 899 1564 are
921 1505 1004 1565 other
1018 1523 1165 1584 passages,
1181 1506 1284 1576 where,
1299 1506 1376 1565 asin
1396 1506 1414 1562 i.
1431 1519 1480 1578 51,

323 1625 362 1665 an
377 1616 499 1684 attempt
513 1607 537 1666 is
551 1605 637 1664 made
653 1617 684 1664 to
699 1605 816 1680 explain
831 1605 852 1662 it
872 1606 911 1680 by
925 1621 1028 1662 means
1042 1602 1077 1662 of
1096 1603 1143 1662 the
1158 1604 1237 1662 word
1253 1603 1340 1662 ‘lava’
1385 1602 1480 1676 Thus,

314 1705 354 1763 .in
368 1706 396 1762 ii.
414 1725 440 1775 a,
456 1724 499 1764 we
513 1704 586 1763 have
600 1704 649 1762 the
664 1721 805 1780 passage:
828 1701 928 1760 ‘Licet
941 1702 1019 1760 enim
1041 1704 1071 1760 in
1093 1714 1196 1761 natura
1210 1701 1281 1762 nihil
1295 1721 1362 1762 vere
1376 1703 1481 1761 existat

323 1813 438 1880 praeter
462 1821 588 1880 corpora
609 1801 765 1873 individua,
788 1801 903 1860 edentia
926 1811 1008 1858 actus
1032 1819 1121 1877 puros
1143 1800 1308 1860 individuos
1333 1819 1370 1858 ex
1394 1800 1480 1878 lege;

323 1901 354 1959 in
369 1900 507 1960 doctrinis
528 1910 634 1971 tamen,
650 1900 697 1958 illa
717 1901 782 1977 ipsa
802 1899 858 1970 lex,
873 1899 995 1975 ejusque
1015 1899 1170 1975 inquisitio,
1189 1909 1218 1958 et
1239 1900 1377 1970 inventio,
1392 1910 1480 1976 atque

324 1998 489 2075 explicatio,
504 2017 558 2074 pro
573 1997 765 2057 fundamento
780 2007 824 2056 est
838 2007 897 2055 tam
909 1997 947 2056 ad
961 1998 1123 2070 sciendum,
1135 2016 1224 2075 quarn
1239 1997 1481 2074 adoperandum.

324 2095 401 2156 Eam
424 2107 521 2155 autem
544 2096 649 2172 legem,
675 2098 796 2174 ejusque
824 2096 1030 2173 paragraphos,
1056 2095 1213 2155 formarum
1234 2098 1355 2156 nomine
1376 2095 1481 2155 intelli-

324 2195 439 2272 gimus,
475 2195 644 2272 praesertim
672 2213 740 2254 cum
775 2192 832 2253 hoc
860 2194 1034 2252 vocabulum
1061 2194 1219 2266 invaluerit,
1247 2207 1276 2256 et
1304 2193 1481 2254 familiariter

325 2292 474 2352 occurrat!
524 2293 632 2370 Again,
655 2295 685 2351 in
708 2293 736 2352 ii.
762 2307 789 2366 5,
814 2311 858 2351 we
883 2291 956 2350 have
979 2292 1027 2351 the
1055 2294 1226 2370 expression
1250 2294 1347 2370 ‘leges
1376 2292 1481 2351 tunda-

324 2391 467 2451 mentales
488 2401 518 2452 et
538 2410 720 2462 communes,
737 2407 812 2468 quae
834 2391 1012 2450 constituunt
1033 2390 1158 2450 formas?
1200 2390 1266 2464 But,
1281 2391 1415 2468 perhaps,
1430 2391 1482 2450 the

324 2500 402 2550 most
422 2489 540 2568 explicit
560 2507 685 2567 passage
707 2489 742 2548 os
759 2489 797 2549 all
817 2490 842 2547 is
864 2488 976 2548 thatin
998 2490 1025 2548 ii.
1050 2501 1102 2564 17:
1137 2489 1218 2550 ‘Nos
1240 2491 1319 2549 enim
1333 2509 1425 2566 quum
1443 2489 1482 2549 de

324 2587 425 2648 formis
441 2587 596 2666 loquimur,
610 2589 651 2647 nil
672 2587 749 2647 aliud
771 2586 964 2662 intelligimus,
979 2605 1067 2665 quam
1082 2588 1162 2664 leges
1181 2589 1244 2648 illas
1259 2601 1288 2648 et
1305 2589 1482 2648 determina·

323 2687 419 2746 tiones
440 2698 522 2746 actus
543 2687 607 2763 puri
629 2706 704 2764 quae
726 2697 859 2744 naturam
881 2685 1008 2763 aliquam
1030 2688 1193 2764 simplicem
1208 2689 1343 2747 ordinant
1357 2697 1387 2746 et
1407 2704 1480 2746 con·

323 2784 452 2856 stituunt,
466 2795 498 2844 ut
512 2785 647 2857 calorem,
663 2785 771 2856 lumen,
786 2785 913 2861 pondus,
928 2786 958 2843 in
973 2786 1145 2846 omnimoda
1163 2788 1282 2845 materia
1303 2795 1332 2844 et
1347 2787 1480 2862 subjecto

323 2882 509 2959 susceptibili.
552 2883 654 2961 Itaque
669 2883 772 2943 eadem
794 2900 840 2942 res
861 2893 905 2942 est
926 2881 1019 2942 forma
1038 2883 1122 2943 calidi
1137 2895 1187 2943 aut
1200 2884 1294 2943 forma
1307 2884 1436 2957 luminis,
1450 2895 1479 2944 et

322 2978 370 3038 lex
385 2979 471 3039 calidi
485 2981 545 3039 sive
558 2981 605 3041 lex
620 2981 753 3040 luminis!

365 3075 452 3147 Now,
468 3077 551 3136 these
565 3080 680 3138 various
694 3097 835 3156 passages
850 3079 949 3152 admit,
965 3078 979 3137 I
995 3075 1085 3152 think,
1100 3080 1136 3139 of
1149 3081 1239 3158 being
1253 3081 1366 3159 ranged
1384 3081 1481 3140 under

323 3183 381 3234 two
396 3176 513 3248 classes,
529 3178 689 3256 according
703 3197 735 3238 as
750 3179 799 3238 the
812 3179 894 3239 word
909 3175 1032 3237 ‘Form'
1047 3197 1114 3256 may
1127 3181 1165 3238 be
1179 3180 1316 3258 replaced
1329 3180 1369 3258 by
1382 3180 1480 3239 words

323 3275 381 3334 like
403 3293 534 3347 essence,
556 3275 725 3345 differentia,
751 3277 910 3350 definition,
932 3283 993 3350 dte,
1008 3296 1043 3337 or
1058 3278 1098 3355 by
1112 3279 1208 3338 words
1226 3279 1284 3338 like
1303 3279 1366 3352 law,
1382 3297 1479 3350 cause,

324 3373 402 3433 &c.³⁴
443 3374 479 3431 In
498 3373 547 3433 the
570 3375 631 3434 first
651 3376 726 3436 class
739 3376 775 3435 oi
793 3395 941 3454 passages,
956 3396 998 3436 we
1012 3395 1088 3454 may,
1104 3378 1240 3455 perhaps,
1256 3379 1321 3438 best
1337 3380 1428 3436 arrive
1450 3389 1481 3438 at

323 3469 450 3529 Bacon’s
470 3474 610 3549 meaning
634 3473 673 3550 by
694 3473 919 3551 distinguishing
942 3474 991 3534 the
1014 3475 1146 3534 different
1164 3475 1249 3535 lrinds
1271 3476 1306 3535 oi
1327 3477 1479 3536 attributes

323 3566 417 3627 which
438 3585 506 3644 may
520 3569 557 3628 be
572 3571 739 3646 predicated
760 3572 797 3631 of
811 3590 869 3649 any
883 3573 1037 3631 substance
1058 3590 1092 3631 or
1113 3573 1229 3650 quality.
1272 3573 1405 3651 Leaving
1426 3587 1479 3635 out

323 3666 424 3742 purely
453 3665 613 3726 accidental
640 3669 799 3741 attributes,
828 3668 921 3729 which
950 3687 998 3728 are
1027 3671 1196 3731 sometimes
1224 3672 1391 3749 predicable
1418 3674 1477 3732 and

322 3763 491 3822 sometimes
513 3775 573 3838 not,
589 3767 670 3826 these
692 3787 760 3845 may
775 3769 811 3827 be
833 3767 949 3827 divided
970 3769 1031 3827 into
1053 3769 1125 3828 such
1147 3789 1179 3828 as
1201 3789 1249 3830 are
1269 3771 1386 3832 derived
1400 3772 1477 3831 from

322 3861 407 3922 other
421 3861 578 3936 attributes,
593 3882 626 3924 as
641 3865 742 3925 effects
756 3865 832 3924 from
853 3883 964 3936 causes,
978 3866 1037 3924 and
1052 3865 1136 3926 those
1150 3866 1252 3941 which,
1269 3887 1303 3929 so
1324 3869 1368 3930 iar
1386 3889 1418 3930 as
1434 3889 1478 3930 we

353 4079 372 4108 ¹³
390 4077 470 4127 ‘Cum
489 4078 555 4128 enim
572 4079 665 4129 Forma
682 4079 716 4130 rei
733 4079 766 4130 sit
783 4079 907 4144 ipsissima
924 4095 976 4138 res;
994 4097 1073 4147 neque
1089 4081 1186 4133 differat
1203 4099 1241 4134 res
1258 4102 1275 4135 ι
1292 4086 1392 4144 Forma,
1405 4088 1478 4140 aliter

321 4170 396 4218 quam
415 4153 532 4206 differunt
552 4173 675 4222 apparens
697 4165 722 4208 et
741 4158 854 4216 existens,
873 4165 916 4208 aut
934 4160 1041 4208 exterius
1059 4167 1085 4210 et
1105 4161 1213 4219 interius,
1232 4163 1318 4214 autin
1335 4165 1422 4216 ordine
1443 4169 1476 4218 ad

321 4233 448 4283 hominem
461 4234 833 4286 etinordineaduntversum!
866 4236 1037 4288 Introduction
1054 4245 1081 4288 to
1092 4239 1160 4304 Aph.
1175 4253 1213 4304 13.
1246 4241 1293 4292 See
1308 4258 1351 4308 my
1367 4252 1427 4294 note
1444 4261 1479 4296 on

322 4310 365 4361 the
382 4327 494 4376 passage.

355 4386 373 4418 ⁵¹
390 4388 471 4440 There
482 4390 504 4439 is
515 4407 563 4440 one
574 4407 679 4457 passage
691 4391 719 4456 (i.
731 4393 782 4456 75),
791 4391 817 4440 in
826 4390 908 4440 which
920 4392 962 4442 the
971 4398 1022 4442 two
1034 4393 1161 4460 meanings
1173 4412 1214 4447 are
1225 4397 1336 4463 brought
1347 4399 1478 4464 together:

322 4465 407 4515 ‘Hinc
427 4467 521 4531 opinio,
533 4469 600 4534 quod
618 4470 712 4522 sormae
731 4469 782 4520 sive
793 4485 865 4519 verae
882 4485 961 4518 rerum
978 4469 1128 4522 differentiae
1140 4477 1215 4539 (quae
1233 4491 1317 4528 revera
1333 4485 1391 4528 sunt
1409 4478 1478 4545 leges

321 4550 390 4595 actus
401 4545 468 4610 puri)
480 4547 580 4598 inventu
592 4547 757 4613 impossibiles
768 4546 824 4611 sint,
838 4553 863 4597 et
875 4547 940 4598 ultra
951 4547 1096 4602 hominem!
