3324 5110
334 413 398 501 308
713 424 870 480 ivova
890 424 1106 482 onoarva.
1128 407 1133 416 '

334 600 466 653 tantum
486 587 671 652 substantia
692 588 823 671 lapidea
843 600 901 654 aut
922 590 1089 655 metallica
1098 587 1133 668 ¹⁴,
1148 589 1283 654 omnino
1299 590 1492 656 incredibile

334 697 441 759 visum
464 695 587 759 luisset.
633 693 749 775 Atque
770 693 851 757 haec
878 703 991 758 tamen
1018 703 1052 758 et
1074 695 1193 757 similia
1216 715 1277 776 per
1298 704 1350 759 tot
1374 696 1491 759 mundi

336 809 463 863 aetates
489 798 639 862 homines
666 795 839 875 latuerunt,
869 817 930 861 nec
962 818 1023 880 per
1047 794 1291 879 philosophiam
1317 807 1376 862 aut
1402 807 1492 861 artes

336 901 511 967 rationales
531 903 664 966 inventa
687 909 772 976 sunt,
789 901 847 964 sed
871 919 948 963 casu
969 911 1002 964 et
1023 917 1083 982 per
1097 901 1325 980 occasionem
1347 911 1491 984 suntque

335 1005 421 1070 illius
437 1003 487 1090 (ut
502 1001 662 1089 diximus)
677 1004 813 1086 generis,
830 1013 867 1066 ut
882 1004 979 1066 abiis
995 1025 1080 1085 quae
1095 1013 1194 1068 antea
1210 1005 1343 1086 cognita
1358 1003 1491 1067 luerunt

336 1109 435 1191 plane
460 1107 681 1191 heterogenea
706 1116 739 1170 et
769 1107 987 1170 remotissima
1017 1107 1091 1184 sint,
1116 1116 1153 1170 ut
1179 1109 1351 1190 praenotio
1377 1108 1491 1190 aliqua

335 1211 416 1277 nihil
431 1232 562 1294 prorsus
577 1213 620 1276 ad
636 1210 692 1274 illa
707 1210 890 1274 conducere
905 1211 1075 1292 potuisset.

381 1315 499 1398 Itaque
520 1315 720 1396 sperandum
743 1313 877 1376 omnino
900 1324 958 1389 est,
981 1334 1053 1378 esse
1075 1314 1183 1378 adhuc
1206 1313 1238 1376 in
1263 1323 1400 1378 naturae
1415 1315 1489 1378 sinu

336 1419 441 1483 multa
464 1418 658 1483 excellentis
680 1437 756 1480 usus
780 1416 956 1492 recondita,
980 1438 1065 1499 quae
1092 1417 1216 1480 nullam
1243 1436 1318 1480 cum
1341 1416 1412 1500 jam
1439 1418 1490 1479 in-

334 1523 442 1586 ventis
468 1521 700 1604 cognationem
725 1518 851 1583 habent
880 1529 937 1583 aut
967 1519 1233 1601 parallelismum,
1263 1522 1322 1583 sed
1353 1520 1489 1582 omnino

335 1626 399 1688 sita
421 1634 498 1689 sunt
520 1632 616 1688 extra
637 1625 708 1688 vias
732 1621 945 1704 phantasiae3
978 1644 1063 1705 quae
1087 1632 1199 1686 tamen
1223 1622 1332 1686 adhuc
1355 1622 1490 1686 inventa

337 1748 403 1790 non
424 1736 521 1804 sunt3
547 1747 633 1809 quae
652 1726 867 1808 proculdubio
889 1747 948 1808 per
970 1724 1091 1790 multos
1111 1725 1315 1790 saeculorum
1336 1725 1490 1790 circuitus

307 1837 369 1895 *et
392 1830 549 1911 ambages
572 1837 606 1893 et
628 1829 701 1912 ipsa
715 1829 914 1911 quandoque
936 1830 1124 1911 prodibunt,
1142 1830 1226 1893 sicut
1246 1828 1304 1893 illa
1321 1829 1491 1910 superiora

334 1933 548 2014 prodierunt3
581 1932 639 1995 sed
663 1951 722 2013 per
742 1932 839 2004 viam,
855 1953 956 2015 quam
979 1953 1066 1997 nunc
1088 1942 1277 2010 tractamus,
1295 1951 1434 2015 propere
1456 1941 1491 1994 et

334 2035 445 2100 subito
461 2044 495 2098 et
508 2033 607 2098 simul
623 2036 861 2117 repraesentari
872 2035 896 2073 ¹⁵
912 2046 946 2100 et
963 2035 1133 2118 anticipari
1149 2044 1296 2118 possunt.

874 2231 950 2296 CX.

379 2360 543 2426 Attamen
569 2361 814 2443 conspiciuntur
839 2371 872 2426 et
898 2362 963 2426 alia
989 2361 1122 2425 inventa
1145 2359 1217 2442 ejus
1242 2361 1382 2444 generis,
1405 2383 1492 2445 quae

337 2465 438 2528 fidem
465 2465 595 2543 saciant,
617 2485 715 2546 posse
737 2486 841 2547 genus
863 2465 1046 2530 humanum
1070 2464 1194 2528 nobilia
1219 2465 1361 2541 inventa,
1389 2466 1491 2529 etiam

336 2578 414 2633 ante
444 2571 546 2651 pedes
576 2569 693 2651 posita,
718 2569 895 2649 praeterire
921 2579 955 2632 et
981 2569 1153 2632 transilhe.
1199 2567 1377 2650 Utcunque
1401 2569 1492 2632 enim

335 2671 479 2754 pulveris
501 2672 705 2736 tormentarii
726 2672 779 2735 vel
803 2672 848 2734 fili
871 2672 1064 2753 bombycini
1086 2671 1139 2735 vel
1163 2691 1241 2734 acus
1265 2673 1416 2735 nauticae
1437 2671 1493 2734 vel

337 2775 484 2840 sacchari
507 2775 559 2838 vel
586 2775 704 2857 papyri
729 2774 782 2839 vel
812 2775 967 2839 similium
998 2777 1132 2838 inventa
1155 2775 1353 2856 quibusdam
1383 2795 1491 2837 rerum

337 2888 371 2941 et
394 2887 530 2942 naturae
553 2879 808 2960 proprietatibus
832 2879 891 2942 niti
914 2879 1095 2956 videantur,
1114 2887 1150 2941 at
1172 2886 1260 2941 certe
1280 2877 1491 2959 imprimendi

336 2981 509 3044 artificium
535 2981 580 3044 nil
606 2980 709 3044 habet
734 2981 824 3063 quod
856 3002 922 3045 non
952 2983 995 3047 sit
1018 2991 1169 3063 apertum
1194 2990 1228 3044 et
1252 2980 1320 3044 iere
1345 2980 1492 3044 obvium.

338 3077 385 3144 Et
408 3081 619 3147 nihilominus
641 3082 800 3162 homines,
822 3105 889 3149 non
911 3085 1121 3148 advertentes
1143 3084 1312 3148 literarum
1338 3084 1492 3148 modulos

338 3183 500 3247 difficilius
529 3186 652 3249 scilicet
682 3187 834 3250 collocari
864 3208 963 3270 quam
994 3188 1108 3251 literae
1138 3207 1197 3268 per
1221 3197 1348 3251 motum
1373 3207 1492 3251 manus

338 3287 528 3360 scribantur,
554 3288 613 3350 sed
638 3288 701 3353 hoc
728 3291 892 3367 interesse,
917 3291 1007 3373 quod
1036 3291 1205 3355 literarum
1237 3290 1362 3355 moduli
1388 3290 1492 3354 semel

338 3388 491 3453 collocati
521 3389 657 3452 infinitis
686 3391 962 3473 impressionibus,
987 3395 1102 3458 literae
1131 3403 1244 3458 autem
1270 3414 1329 3476 per
1354 3414 1493 3457 manum

339 3504 497 3558 exaratae
527 3492 643 3558 unicae
673 3504 803 3558 tantum
836 3499 1013 3580 scriptioni,
1045 3499 1228 3576 sufficiant;
1264 3507 1322 3562 aut
1352 3497 1493 3562 sortasse

339 3599 458 3662 iterum
484 3619 550 3662 non
576 3598 786 3663 advertentes
809 3611 1031 3666 atramentum
1057 3603 1103 3667 ita
1130 3603 1296 3685 inspissari
1323 3622 1431 3685 posse,
1456 3610 1494 3665 ut

338 3703 456 3786 tingat,
481 3723 547 3766 non
571 3702 651 3766 fluat
663 3724 671 3783 ;
705 3705 897 3786 praesertim
907 3703 932 3742 ¹⁶
956 3706 1058 3769 literis
1082 3707 1276 3789 resupinatis
1299 3715 1332 3769 et
1355 3706 1493 3787 impres·

339 3808 431 3872 sione
464 3805 552 3872 lacta
586 3809 749 3890 desuper;
792 3809 854 3874 hoc
890 3809 1110 3891 pulcherrimo
1134 3811 1269 3874 invento
1305 3805 1409 3896 (quod
1449 3807 1494 3872 ad

376 4027 399 4061 ¹⁴
418 4030 450 4083 lu
463 4029 514 4083 Bk.
523 4031 549 4084 ii.
564 4030 632 4099 aph.
648 4034 690 4097 36,
703 4048 738 4084 an
751 4031 899 4084 ‘instantia
911 4031 1012 4084 crucis'
1026 4030 1048 4082 is
1060 4030 1196 4099 proposed
1216 4030 1260 4084 ior
1271 4029 1320 4083 the
1333 4045 1451 4099 purpose
1463 4027 1499 4082 ol

341 4113 524 4181 determining
536 4113 584 4167 the
597 4130 677 4167 cause
691 4115 722 4167 ol
732 4114 782 4167 the
795 4115 916 4183 Polarity
932 4113 963 4166 of
972 4113 1020 4167 the
1033 4113 1148 4168 Needle.

376 4193 398 4228 ¹⁵
417 4197 475 4251 ‘Be
493 4195 639 4266 presented
657 4204 686 4250 at
704 4199 793 4264 once,'
807 4198 925 4251 without
943 4213 997 4268 any
1015 4197 1102 4267 delay.
1139 4197 1210 4250 This
1228 4197 1314 4264 word,
1332 4189 1440 4250 besides
1459 4197 1495 4250 its

340 4282 470 4349 ordinary
493 4281 629 4348 meaning,
651 4280 698 4333 has
720 4287 777 4333 two
798 4282 909 4334 others:
938 4279 976 4350 (α)
996 4287 1026 4334 to
1049 4297 1101 4348 pay
1123 4298 1159 4335 on
1179 4279 1226 4333 the
1245 4287 1321 4348 spot;
1343 4287 1376 4334 to
1394 4297 1446 4350 pay
1464 4281 1494 4334 in

339 4363 424 4432 ready
438 4379 553 4432 money:
579 4363 619 4434 (β)
640 4371 670 4416 to
682 4363 804 4433 perform
817 4380 852 4417 an
865 4369 910 4417 act
925 4363 1119 4433 immediately,
1134 4364 1250 4418 without
1263 4363 1351 4431 delay.

377 4445 398 4478 ¹⁸
417 4446 487 4498 This
508 4447 531 4499 is
549 4447 627 4512 given
647 4463 675 4500 as
694 4463 709 4500 a
727 4463 826 4502 reason
844 4447 906 4518 why
925 4445 972 4500 ink
992 4462 1045 4502 was
1063 4447 1179 4511 needed,
1199 4446 1288 4502 which
1306 4445 1404 4500 should
1421 4447 1495 4500 stain

341 4528 460 4585 without
475 4530 600 4596 running.
