3308 5106
603 403 933 462 [Nanouucrrorv.
1304 413 1344 483 79

192 573 275 634 Alter
289 573 433 653 speaking
447 573 482 634 ol
498 573 547 635 the
562 573 722 634 dialectical
736 573 857 634 method
872 573 907 632 of
924 571 1032 634 Plato's
1048 573 1206 650 dialogues,
1221 575 1279 634 and
1294 574 1342 635 the

191 691 291 749 germs
306 677 341 736 ol'
351 675 455 752 logical
471 684 606 752 precepts
621 673 713 733 which
726 693 773 734 are
789 683 818 732 to
834 675 870 733 be
886 673 977 734 found
992 675 1022 732 in
1036 672 1124 744 them,
1135 673 1172 733 he
1187 674 1343 750 proceeds:

194 772 273 832 ‘Sed
289 774 408 834 indubie
422 774 592 834 Aristoteles
608 791 674 832 eam
689 771 719 832 in
733 774 801 832 artis
818 771 923 832 faciem
938 771 1059 843 reduxit,
1069 781 1099 830 ut
1115 784 1142 831 et
1158 772 1340 832 rhetoricam.

193 868 357 945 Caeterum,
370 874 450 951 quod
462 874 545 934 liceat
556 892 623 932 cum
638 873 718 931 bona
730 872 816 930 venia
830 871 935 942 dicere,
950 880 1152 948 praeterquam
1166 873 1246 948 quod
1261 891 1343 932 more

193 987 247 1030 suo
271 974 404 1045 obscure,
419 983 448 1032 et
472 972 592 1051 prolixe,
607 972 694 1032 etiam
717 987 819 1046 parum
845 980 912 1045 apte
938 970 976 1029 ad
1001 988 1086 1028 usum
1110 971 1154 1028 vel
1176 972 1343 1031 inveniendi

193 1082 375 1146 argumenta,
403 1071 448 1130 vel
480 1070 630 1147 judicandi
658 1069 933 1145 argumentationes,
978 1068 1077 1128 Nemo
1106 1079 1149 1128 est
1177 1071 1264 1142 enim,
1293 1071 1343 1147 qui

194 1171 406 1244 quantumlibet
430 1169 583 1245 diligenter
606 1169 681 1228 lecta
706 1177 734 1227 et
759 1185 882 1228 excussa
906 1167 1038 1226 universa
1059 1167 1222 1228 Aristotelis
1246 1167 1343 1245 logica

193 1269 297 1328 sentiat
311 1287 343 1329 se
357 1270 579 1330 instrumentum
593 1267 710 1339 habere,
725 1285 784 1344 quo
800 1268 830 1326 in
845 1267 941 1344 aliqua
954 1267 992 1326 ad
1007 1267 1207 1328 disserendum
1223 1269 1343 1328 materia

193 1379 364 1442 argumenta
377 1368 408 1426 in
423 1379 562 1444 promptu
576 1369 723 1444 excogitet
732 1366 771 1426 ⁷⁷!

235 1464 402 1528 Paracelsus
426 1464 467 1541 (b.
494 1486 580 1542 1493,
603 1468 631 1525 d.
662 1464 759 1544 1541),
783 1483 816 1529 as
840 1465 935 1542 might
956 1467 993 1525 be
1018 1467 1160 1542 expected
1188 1467 1263 1527 from
1293 1469 1342 1528 the

192 1567 377 1643 eccentricity
391 1566 426 1624 of
443 1565 488 1626 his
510 1565 666 1638 character,
681 1565 794 1624 attacks
808 1564 946 1624 Aristode
960 1565 1027 1623 with
1045 1583 1126 1624 more
1144 1567 1268 1643 asperity
1282 1567 1341 1626 and

192 1682 363 1724 coarseness
377 1664 413 1722 of
430 1665 601 1741 expression
615 1663 685 1724 than
704 1683 760 1740 any
775 1663 809 1724 oi
827 1663 875 1722 the
891 1664 998 1724 writers
1017 1664 1133 1740 already
1147 1665 1231 1724 cited.
1274 1665 1341 1726 The

188 1763 338 1839 following
353 1771 478 1822 extracta
493 1763 549 1822 will
564 1763 665 1822 suffice
680 1781 713 1824 as
731 1763 882 1840 examples
897 1763 931 1822 of
950 1763 999 1822 the
1015 1773 1086 1822 tone
1101 1765 1160 1823 and
1175 1783 1297 1824 manner
1310 1763 1346 1824 of

190 1862 236 1922 his
251 1862 364 1922 attach:

233 1960 295 2019 ‘Ex
309 1960 532 2037 Philosophiae
553 1961 653 2038 primis
675 1961 751 2020 illico
773 1963 835 2038 ejus
856 1962 1039 2021 incunabulis
1060 1981 1179 2022 muscus
1200 1965 1341 2024 excrevit:

191 2057 260 2116 huic
274 2065 377 2132 postea
392 2056 490 2114 annali
505 2055 588 2132 iungi
603 2066 679 2128 sunt,
690 2075 744 2114 ceu
755 2057 910 2132 glandulae
926 2057 956 2115 in
971 2075 1103 2133 corpore.
1132 2058 1302 2118 Aristoteles
1314 2069 1342 2118 et

192 2157 256 2232 ejus
270 2155 399 2214 asseclae
413 2173 481 2214 cum
496 2153 685 2230 Philosophia
706 2155 784 2214 idem
802 2167 933 2231 egerunt,
948 2156 1028 2233 quod
1044 2155 1132 2229 feces,
1147 2175 1222 2233 quae
1242 2175 1259 2215 a
1273 2159 1341 2216 vino
1370 2169 1373 2178 ⁴

191 2265 299 2312 terram
314 2253 476 2312 extrahunt.
519 2251 557 2311 Et
572 2271 685 2330 spuma,
701 2253 767 2312 licet
781 2255 901 2330 quidam
916 2273 1026 2326 eorum,
1042 2274 1117 2332 quae
1132 2255 1189 2314 olla
1203 2256 1341 2327 continet,

189 2355 320 2430 pessima
342 2354 395 2411 sit:
427 2352 616 2412 nihilominus
637 2363 735 2412 tamen
757 2353 788 2410 in
809 2353 874 2412 loco
897 2353 1056 2411 sublimiori
1076 2353 1197 2424 obnitat,
1217 2364 1246 2412 et
1270 2354 1342 2412 inl-

188 2454 266 2510 riora
288 2450 408 2510 meliora
436 2453 556 2527 obtegit.
604 2451 685 2510 Hine
706 2453 801 2522 etiam,
825 2452 892 2529 quia
922 2452 1048 2510 melioris
1077 2452 1192 2523 obtecti,
1218 2451 1343 2528 aliquem

189 2561 311 2627 gustum
331 2551 438 2627 resipit,
453 2551 526 2609 inter
547 2551 628 2610 eibos
648 2569 766 2628 quoque
783 2561 952 2609 numeratur
971 2550 1033 2610 illa:
1056 2550 1108 2610 sed
1123 2568 1230 2609 eanum
1243 2561 1343 2608 tamen

191 2651 288 2710 solum
303 2668 337 2709 ac
353 2649 461 2709 lelium.
505 2649 589 2708 Idem
604 2650 650 2708 hic
666 2650 702 2708 de
717 2659 812 2708 vetere
827 2667 945 2725 quoque
960 2649 1148 2726 Philosophia
1163 2649 1343 2710 censendum

190 2759 252 2810 est:
274 2767 349 2826 quae
364 2748 472 2825 fungos
487 2749 590 2807 saltem
603 2767 638 2806 ac
653 2767 772 2824 spumas
787 2757 896 2820 tractat,
908 2766 969 2807 non
983 2748 1086 2826 ipsam,
1098 2748 1176 2807 unde
1190 2759 1276 2807 enata
1292 2755 1344 2820 est,

190 2849 343 2908 materiam
355 2847 394 2906 ⁷⁸?

235 2947 382 3006 ‘Primum
397 2957 494 3006 autem
509 2965 565 3006 nos
579 2957 677 3006 movet
689 2947 767 3023 justa
782 2946 969 3022 compellatio
984 2955 1149 3004 nostrorum
1169 2946 1200 3006 in
1215 2946 1344 3006 Philoso-

190 3046 262 3124 phia
282 3057 498 3107 antecessorum
520 3047 570 3123 qui
591 3047 723 3123 operosis
745 3047 890 3106 laboribus
906 3045 1130 3106 Generationem
1148 3045 1274 3106 hominis
1294 3046 1344 3106 de·

191 3147 378 3223 scripserunt.
421 3145 536 3219 Quibus
561 3146 615 3204 etsi
635 3146 755 3223 quidem
777 3145 906 3204 Naturae
930 3146 976 3205 lex
999 3145 1069 3204 nihil
1093 3146 1263 3221 denegavit3
1290 3146 1345 3204 illis

190 3255 292 3307 tamen
307 3245 410 3303 eadem
426 3244 496 3302 nihil
511 3263 629 3322 quoque
644 3244 745 3320 largita
755 3243 876 3303 videtur.
905 3243 1053 3322 Quicquid
1068 3245 1147 3302 enim
1159 3244 1345 3314 tradiderunt,

191 3343 222 3404 id
243 3361 306 3402 non
326 3343 369 3422 (ut
391 3353 492 3403 nostra
510 3342 713 3423 Philosophia)
727 3362 763 3402 ex
785 3344 850 3403 luce
872 3344 991 3404 rationis
1011 3354 1130 3403 enatum
1150 3354 1212 3403 est:
1237 3343 1289 3402 sed
1308 3361 1345 3404 ex

190 3443 311 3519 argutiis
325 3442 422 3518 potius
436 3442 579 3501 interioris
594 3461 697 3502 sensus
715 3443 786 3519 ejus,
802 3461 891 3520 quern
907 3462 942 3502 ex
955 3443 1040 3501 nobis
1056 3443 1126 3518 ipsis
1142 3443 1343 3519 concepimus.

191 3539 309 3613 Quibus
325 3558 379 3616 pro
401 3543 593 3618 responsione
611 3540 668 3608 hoc
688 3542 846 3612 reddimus,
861 3542 942 3618 ipsos
962 3560 999 3602 ex
1021 3558 1074 3600 suo
1092 3550 1204 3600 tantum
1226 3543 1346 3600 cerebro

192 3639 352 3715 scripsisse,
371 3648 401 3698 et
425 3657 486 3698 non
508 3657 545 3698 ex
567 3639 745 3715 experientia
765 3651 813 3698 aut
835 3640 944 3700 oculari
962 3640 1139 3715 cognitione.
1184 3637 1254 3696 Sola
1267 3639 1346 3696 enim

192 3737 372 3813 experientia
386 3746 414 3796 et
428 3738 547 3796 scientia
562 3737 651 3813 digna
665 3749 716 3806 est,
728 3755 803 3814 quae
817 3738 888 3814 quid
903 3739 931 3796 in
947 3738 1042 3796 lucem
1057 3737 1190 3813 proferat,
1202 3755 1262 3795 non
1277 3753 1345 3794 vero

192 3835 360 3906 autodoxia,
383 3846 410 3894 et
431 3835 611 3912 experientia
631 3846 806 3912 praesumta.
848 3837 962 3896 Acutus
984 3835 1154 3912 phantastes
1175 3833 1346 3892 Aristoteles

192 3933 229 3994 de
244 3933 442 3994 Generatione
461 3945 651 3996 monumenta
671 3953 733 3994 non
752 3953 846 4011 pauca
864 3945 933 4012 post
952 3952 983 3994 se
998 3934 1118 4011 reliquit.
1160 3932 1190 3992 Is
1205 3941 1303 3990 tamen
1317 3941 1347 3992 et

194 4033 224 4090 in
242 4034 307 4108 ipsa
325 4040 430 4090 natura
448 4033 552 4090 misere
572 4031 709 4091 seductus
730 4043 759 4092 et
773 4031 977 4109 Philosophiae
991 4031 1128 4090 naturalis
1142 4031 1213 4089 mire
1227 4030 1346 4105 ignarus

193 4131 314 4190 exsistit.
356 4131 469 4190 Acutus
491 4142 589 4189 tamen
613 4131 643 4188 in
665 4131 853 4207 opinionibus
875 4131 1011 4201 erroneis,
1034 4140 1063 4188 et
1084 4139 1186 4189 contra
1213 4140 1346 4186 naturam

191 4231 425 4308 impingentibus
449 4230 526 4290 idem
551 4231 614 4308 ipse
639 4230 700 4301 luit,
722 4240 752 4290 et
777 4231 935 4290 momentis
963 4229 1124 4288 admodum
1149 4226 1347 4304 probabilibus

226 4470 246 4500 π
262 4472 301 4521 ld.
312 4471 356 4521 lib.
367 4471 402 4522 iii.
416 4488 441 4537 p.
454 4481 510 4536 375.

226 4549 245 4581 '¹
261 4549 447 4602 Paradoxorum
460 4557 520 4601 tom.
533 4549 559 4600 ii.
571 4549 656 4615 Opera
668 4548 768 4608 Omnia,
781 4547 889 4612 Genese,
905 4546 1164 4614 165⁸,v01.i.p.1as.
