3324 5110
326 429 390 494 290
702 419 859 482 Novmv
880 416 1099 478 precatuum

326 597 487 671 tanquam
514 585 546 649 in
577 583 702 650 metalli
732 585 861 661 fodinis,
887 585 1000 650 omnia
1028 582 1123 650 novis
1152 582 1307 665 operibus
1334 591 1368 648 et
1397 581 1482 648 ulte·

327 691 465 756 rioribus
491 688 717 772 progressibus
744 689 1012 770 circumstrepere
1041 683 1174 754 debent.
1219 686 1336 770 Atque
1365 708 1483 754 secun·

327 796 407 859 dum
435 803 559 858 rectam
584 792 744 860 rationem
771 812 823 859 res
845 792 893 860 ita
915 811 951 859 se
973 791 1085 866 habet,
1108 791 1167 856 aed
1190 791 1323 854 interim
1346 811 1412 854 11011
1434 793 1483 854 ita

327 899 465 964 vivitur:
489 898 548 964 sed
565 897 634 972 ista,
651 916 752 979 quarn
769 897 927 975 diximus,
943 895 1165 962 doctrinarum
1186 894 1429 959 administratio
1448 905 1483 958 et

327 1001 444 1086 politia
459 1001 669 1068 scientiarum
684 1009 863 1082 augmenta
878 999 992 1068 durius
1002 1018 1152 1082 premere
1167 999 1347 1064 consuevit.

860 1154 952 1219 XCI.

373 1281 489 1364 Atque
515 1281 648 1362 insuper
676 1277 754 1343 licet
784 1279 848 1342 ista
881 1278 1003 1342 invidia
1032 1277 1228 1356 cessaverit;
1259 1287 1372 1344 tamen
1402 1277 1484 1346 satis

333 1395 383 1448 est
398 1385 441 1449 ad
464 1383 685 1448 cohibendum
708 1391 924 1468 augmentum
945 1382 1166 1458 scientiarum,
1182 1382 1272 1465 quod
1295 1381 1484 1464 hujusmodi

332 1499 469 1553 conatus
501 1497 534 1552 et
564 1488 745 1552 industriae
778 1487 931 1571 praemiis
960 1495 1104 1551 careant.
1150 1486 1228 1550 Non
1263 1486 1351 1550 enim
1382 1506 1485 1568 penes

333 1594 467 1666 eosdem
492 1600 542 1656 est
569 1592 695 1656 cultura
719 1591 929 1656 scientiarum
959 1599 993 1658 et
1024 1591 1217 1674 praemium.
1264 1589 1483 1655 Scientiarum

333 1697 421 1760 enim
451 1704 630 1780 augmenta
662 1716 683 1758 a
713 1697 841 1778 magnis
878 1697 993 1777 utique
1023 1695 1163 1777 ingeniis
1193 1696 1411 1778 proveniunt;
1448 1703 1485 1757 at

333 1800 438 1882 pretia
455 1809 488 1863 et
503 1799 649 1881 praemia
665 1799 872 1863 scientiarum
888 1808 965 1862 sunt
984 1817 1087 1882 penes
1105 1798 1222 1880 vulgus
1242 1808 1300 1864 aut
1321 1797 1486 1880 principes

333 1902 428 1979 viros,
452 1903 508 1985 qui
532 1900 609 1987 (nisi
634 1922 707 1966 raro
737 1900 934 1988 admodum)
961 1902 1019 1966 vix
1044 1902 1253 1965 mediocriter
1278 1902 1368 1966 docti
1393 1909 1484 1964 sunt.

334 2003 526 2088 Quinetiam
541 2004 731 2088 hujusmodi
746 2026 938 2089 progressus
953 2025 1019 2069 11011
1035 2004 1144 2068 solum
1160 2006 1314 2087 praemiis
1329 2015 1363 2068 et
1385 2005 1486 2068 bene·

335 2109 466 2173 ficentia
486 2108 671 2184 hominurn,
691 2130 805 2172 verum
828 2110 930 2174 etiarn
953 2110 1025 2190 ipsa
1044 2108 1194 2191 populari
1218 2108 1315 2172 laude
1335 2107 1487 2172 destituti

335 2221 421 2276 sunt.
468 2211 555 2276 Sunt
569 2213 658 2274 enim
675 2212 722 2275 illi
738 2233 836 2295 supra
852 2220 987 2294 captum
1008 2213 1175 2274 maximae
1190 2213 1292 2294 partis
1307 2211 1488 2287 hominum,

336 2324 370 2379 et
386 2315 428 2378 ab
450 2315 642 2397 opinionum
662 2315 847 2398 vulgarium
868 2315 976 2379 ventis
998 2314 1094 2379 sacile
1115 2315 1300 2380 obruuntur
1322 2324 1356 2379 et
1378 2315 1489 2378 extin-

335 2427 488 2500 guuntur.
528 2417 647 2502 Itaque
660 2417 705 2480 nil
721 2420 848 2497 mirum,
859 2418 887 2482 si
903 2439 955 2482 res
969 2417 1026 2484 illa
1040 2439 1105 2484 non
1117 2418 1277 2484 foeliciter
1289 2417 1491 2496 successerit,

337 2543 422 2605 quae
438 2524 471 2588 111
486 2521 610 2588 honore
625 2543 692 2588 11011
708 2522 780 2590 fuit.

857 2677 970 2746 XCII.

384 2798 452 2864 Sed
483 2799 583 2883 longe
611 2800 797 2870 maximum
830 2799 1053 2884 progressibus
1083 2798 1300 2872 scientiarum,
1332 2809 1366 2863 et
1395 2797 1491 2860 novis

339 2905 450 2981 pensis
464 2924 504 2969 ac
519 2906 692 2988 provinciis
708 2907 741 2969 in
764 2906 881 2970 iisdem
901 2904 1125 2987 suscipiendis,
1145 2903 1353 2967 obstaculum
1374 2903 1492 2985 depre-

339 3003 495 3070 henditur
518 3009 551 3071 in
578 3009 807 3092 desperatione
829 3008 1011 3082 hominurn,
1035 3019 1068 3072 et
1090 3008 1316 3090 suppositione
1339 3004 1492 3088 impossi-

339 3109 423 3174 bilis.
469 3110 588 3176 Solent
618 3114 706 3178 enim
739 3113 798 3177 viri
829 3114 1009 3194 prudentes
1039 3120 1073 3176 et
1106 3112 1208 3176 severi
1238 3112 1272 3174 in
1300 3108 1493 3192 hujusmodi

341 3213 438 3276 rebus
453 3213 552 3295 plane
568 3215 734 3278 diffidere:
759 3224 895 3278 naturae
916 3215 1161 3292 obscuritatem,
1176 3215 1264 3279 vitae
1283 3214 1492 3286 brevitatem,

342 3337 497 3381 sensuum
520 3318 675 3393 fallacias,
690 3317 804 3398 judicii
828 3319 1062 3398 infirmitatem,
1086 3320 1387 3401 experimentorum
1408 3317 1495 3381 diffi-

342 3421 491 3501 cultates,
521 3433 555 3487 et
585 3422 704 3487 similia
734 3443 847 3488 secum
877 3434 1078 3507 reputantes.
1137 3424 1255 3506 Itaque
1290 3423 1495 3498 existimant,

344 3545 415 3588 esse
438 3526 600 3606 quosdam
624 3527 843 3604 scientiarum,
862 3546 921 3609 per
943 3537 1131 3611 temporum
1153 3538 1186 3591 et
1209 3536 1359 3592 aetatum
1378 3524 1495 3589 mundi

343 3627 571 3708 revolutiones,
595 3628 706 3693 fluxus
729 3639 762 3692 et
785 3628 952 3709 refluxus3
984 3651 1059 3695 cum
1081 3632 1154 3695 aliis
1178 3629 1382 3713 temporibus
1408 3649 1495 3692 cres·

345 3740 422 3795 cant
438 3741 472 3795 et
487 3732 634 3809 floreant,
652 3732 724 3796 aliis
743 3731 909 3797 declinent
930 3742 963 3797 et
982 3733 1138 3814 jaceant:
1162 3736 1207 3799 ita
1225 3744 1347 3812 tamen,
1362 3742 1399 3796 ut
1420 3751 1496 3796 cum

344 3834 387 3897 ad
404 3845 530 3900 certum
546 3837 711 3919 quendam
727 3837 868 3920 gradum
884 3847 919 3902 et
933 3846 1057 3902 statum
1073 3839 1287 3924 pervenerint,
1300 3837 1345 3902 nil
1361 3837 1499 3902 ulterius

344 3937 472 4018 possint
484 3938 519 4004 ⁶¹.

345 4115 380 4168 he
393 4132 507 4185 appears
523 4125 554 4172 to
569 4120 755 4188 contemplate
772 4120 820 4174 the
834 4121 984 4190 possibility
997 4121 1054 4176 oia
1066 4123 1185 4190 politica!
1202 4122 1319 4189 sciense,
1333 4119 1498 4176 established

346 4197 382 4268 by
394 4199 547 4257 inductiou.
583 4203 627 4254 All
639 4204 699 4256 that
711 4204 746 4256 he
759 4220 854 4258 means
865 4205 931 4258 here
948 4207 969 4258 is
981 4204 1042 4260 that
1054 4205 1103 4259 the
1114 4207 1235 4276 stability
1246 4206 1279 4260 01
1287 4223 1304 4260 a
1316 4209 1498 4272 government

346 4282 468 4351 depends
487 4292 536 4339 not
554 4301 590 4339 on
609 4287 656 4339 the
675 4303 785 4340 reasons
803 4287 891 4341 which
910 4303 961 4341 can
980 4288 1015 4342 be
1033 4289 1157 4357 assigned
1176 4291 1203 4342 ln
1222 4290 1256 4342 its
1273 4289 1375 4356 favour,
1391 4289 1442 4341 but
1460 4303 1498 4340 on

347 4367 496 4438 authority,
509 4384 598 4436 usage,
611 4375 709 4434 assent,
722 4369 772 4424 810.

383 4449 403 4480 ⁶¹
423 4451 467 4502 On
481 4452 529 4504 the
541 4451 602 4505 idea
614 4451 647 4504 of
656 4453 762 4520 Cycles,
775 4469 804 4506 as
817 4453 923 4521 applied
935 4459 966 4505 to
978 4451 1025 4506 the
1038 4453 1212 4522 phenomena
1223 4455 1257 4508 01
1271 4455 1373 4508 human
1385 4453 1500 4521 soclety,

350 4549 395 4586 see
409 4533 492 4590 Mill’s
505 4534 600 4604 Logic,
612 4536 659 4590 bk.
671 4536 706 4589 vi.
719 4537 764 4592 cb.
779 4554 820 4592 10.
834 4538 848 4604 1
865 4554 889 4604 3.
926 4537 983 4592 For
992 4537 1040 4591 the
1052 4539 1210 4596 celebrated
1222 4539 1298 4609 cycle
1311 4537 1344 4594 01
1354 4537 1441 4604 Plato,
1453 4552 1502 4590 see
