3324 5110
702 416 782 471 ΠΒ.
807 417 832 471 I.
860 427 927 492 130.
1329 428 1391 494 331

135 643 137 647 ,
239 577 318 644 nino
333 576 495 666 dicamus)
510 580 793 663 quemadmodum
811 579 874 644 luci
895 600 1051 662 magnam
1069 579 1229 643 habemus
1243 583 1394 663 gratiam,

239 684 329 765 quod
353 705 411 766 per
434 704 508 747 eam
530 685 600 748 vias
623 685 712 757 inire,
729 694 817 747 artes
840 705 1005 758 exercere,
1028 684 1145 766 legere,
1170 705 1230 748 nos
1253 686 1393 749 invicem

240 788 433 869 dignoscere
449 789 631 870 possimus3
655 798 689 851 et
705 787 916 851 nihilominus
936 788 1008 870 ipsa
1027 789 1110 853 visio
1130 788 1211 852 lucis
1233 809 1284 852 res
1300 810 1394 872 prae·

239 893 381 956 stantior
401 902 452 956 est
473 901 506 955 et
527 892 699 975 pulchrior,
714 913 815 975 quam
837 892 1014 974 multiplex
1034 892 1104 975 ejus
1124 914 1223 956 usus:
1247 894 1292 958 ita
1308 905 1395 958 certe

239 995 312 1076 ipsa
342 995 580 1078 contemplatio
610 1016 718 1059 rerum
743 1007 840 1078 prout
865 1004 951 1074 sunt,
976 996 1046 1060 sine
1075 998 1308 1078 superstitione
1337 1009 1394 1062 aut

240 1099 430 1182 impostura,
457 1121 564 1164 errore
589 1110 648 1164 aut
674 1092 872 1174 confusione,
896 1101 930 1163 in
953 1101 1061 1182 seipsa
1083 1103 1190 1184 magis
1211 1101 1313 1184 digna
1336 1113 1394 1180 est,

239 1223 339 1285 quam
356 1204 524 1267 universus
540 1205 746 1266 inventorum
762 1201 931 1267 sructus⁷².

283 1306 463 1382 Postremo,
487 1308 588 1390 siquis
612 1307 881 1388 depravationem
908 1307 1118 1370 scientiarum
1145 1316 1179 1370 et
1204 1309 1323 1373 artium
1350 1311 1393 1373 ad

240 1410 400 1473 malitiam
417 1419 451 1474 et
465 1409 631 1474 luxuriam
648 1419 681 1474 et
696 1410 815 1475 similia
830 1409 1002 1491 objecerit3
1021 1411 1055 1473 id
1069 1411 1233 1474 neminem
1251 1423 1392 1478 moveat.

239 1512 326 1576 Illud
354 1515 441 1576 enim
465 1516 508 1577 de
530 1515 683 1578 omnibus
706 1516 880 1578 mundanis
905 1514 1001 1578 bonis
1023 1515 1087 1578 dici
1110 1525 1229 1597 potest,
1253 1517 1392 1599 ingenio⁵

237 1617 438 1696 fortitudine,
452 1618 583 1696 viribus,
599 1618 714 1694 sonna,
737 1620 867 1696 divitiis,
889 1619 962 1683 luce
983 1619 1062 1700 ipsa,
1084 1629 1118 1682 et
1138 1619 1279 1702 reliquis
1326 1621 1392 1684 Re-

239 1725 372 1804 cupeiet
396 1723 496 1785 modo
518 1742 622 1804 genus
642 1722 824 1786 humanum
842 1721 896 1804 jus
917 1743 1013 1785 suum
1033 1723 1065 1784 in
1086 1731 1237 1786 naturam
1254 1725 1344 1806 quod
1363 1724 1392 1786 ei

238 1845 282 1888 ex
305 1824 476 1888 dotatione
498 1826 609 1889 divina
631 1827 800 1908 competit,
823 1834 857 1888 et
879 1826 976 1890 detur
997 1825 1026 1888 ei
1050 1827 1164 1908 copia:
1197 1847 1292 1889 usum
1314 1848 1392 1891 vero

238 1936 327 1991 recta
343 1928 476 1992 ratioet
492 1949 571 1992 sana
587 1928 701 2011 religio
716 1929 920 2010 gubernabit.

748 2126 891 2191 CXXX.

283 2256 359 2338 Jam
374 2277 452 2320 vero
463 2265 596 2338 tempus
612 2265 662 2319 est
675 2266 711 2319 ut
724 2265 828 2320 artem
844 2257 951 2338 ipsam
969 2257 1212 2339 Interpretandi
1229 2259 1392 2321 Naturam

239 2377 480 2443 proponamus:
514 2359 546 2420 in
573 2378 638 2441 qua
662 2358 739 2421 licet
766 2379 825 2422 nos
850 2358 1023 2422 utilissima
1049 2369 1083 2423 et
1105 2361 1273 2424 verissima
1300 2381 1393 2443 prae·

239 2465 363 2545 cepisse
389 2463 593 2540 arbitremur,
619 2470 732 2524 tamen
759 2463 988 2525 necessitatem
1016 2463 1046 2525 ei
1072 2463 1258 2526 absolutam
1286 2458 1337 2547 (ac
1364 2464 1391 2525 si

237 2567 362 2650 absque
388 2589 427 2630 ea
454 2565 498 2628 nil
525 2566 579 2647 agi
606 2561 724 2651 possit)
746 2574 804 2628 aut
827 2565 927 2628 etiam
951 2565 1186 2647 perfectionem
1211 2586 1276 2630 non
1299 2567 1392 2628 attri-

237 2671 376 2736 buimus.
422 2670 556 2734 Etenim
579 2671 612 2732 in
636 2690 675 2732 ea
698 2669 853 2751 opinione
875 2689 1008 2733 sumus:
1042 2671 1069 2733 si
1093 2670 1219 2751 justam
1244 2669 1392 2733 Naturae

239 2783 272 2838 et
288 2774 526 2857 Experientiae
548 2775 731 2838 Historiam
740 2773 767 2814 ⁷³
788 2784 919 2856 praesto
937 2774 1096 2837 haberent
1116 2773 1273 2849 homines,
1291 2783 1392 2855 atque

161 2876 166 2883 '
238 2877 271 2940 in
294 2899 332 2942 ea
350 2877 466 2942 sedulo
487 2887 700 2953 versarentur,
724 2877 852 2960 sibique
875 2879 956 2940 duas
979 2898 1030 2941 res
1052 2879 1214 2959 imperare
1235 2886 1391 2959 possent;
1415 2931 1418 2936 ,

240 3001 346 3059 unam,
363 2991 399 3044 ut
417 2990 567 3063 receptas
582 2981 755 3062 opiniones
773 2989 806 3044 et
827 2981 978 3044 notiones
994 2982 1218 3063 deponerent;
1241 2980 1391 3056 alteram,

238 3093 275 3148 ut
299 3094 445 3148 mentem
470 3105 491 3147 a
515 3083 769 3165 generalissimis
793 3093 826 3146 et
853 3085 1014 3166 proximis
1038 3085 1081 3147 ab
1106 3084 1169 3147 illis
1195 3086 1238 3148 ad
1259 3093 1391 3167 tempus

237 3187 448 3266 cohiberent;
486 3188 555 3251 fore
587 3197 623 3250 ut
654 3189 754 3251 etiam
781 3188 813 3250 vi
840 3188 970 3271 propria
996 3199 1029 3252 et
1055 3190 1198 3270 genuina
1224 3190 1343 3252 mentis
1355 3186 1391 3266 ⁷⁴,

237 3291 362 3374 absque
388 3293 452 3355 alia
477 3302 557 3368 arte,
582 3292 615 3354 in
641 3291 782 3354 formam
807 3301 954 3355 nostram
983 3293 1224 3376 Interpretandi
1247 3295 1390 3356 incidere

236 3405 379 3477 possent.
439 3397 501 3459 Est
532 3397 619 3458 enim
650 3396 878 3477 Interpretatio
911 3417 1024 3461 verum
1060 3407 1093 3460 et
1126 3398 1274 3461 naturale
1306 3418 1389 3480 opus

236 3501 364 3578 mentis,
389 3500 532 3582 demptis
555 3501 594 3564 iis
616 3521 702 3581 quae
725 3501 859 3564 obstant
872 3499 919 3564 ⁷⁶:
951 3501 1009 3564 sed
1033 3509 1144 3564 tamen
1165 3502 1277 3564 omnia
1301 3511 1389 3564 certe

272 3691 295 3724 π
312 3695 363 3764 Cp.
377 3695 447 3763 Aph.
465 3713 513 3760 124
526 3695 560 3747 ad
578 3694 623 3750 fin.
637 3694 691 3748 and
703 3704 770 3748 note
783 3712 826 3760 51.
863 3695 933 3748 This
951 3711 1069 3764 passage,
1083 3695 1136 3748 lilre
1155 3695 1224 3761 that,
1238 3696 1260 3748 is
1272 3711 1288 3746 a
1300 3694 1389 3763 happy

236 3779 383 3847 exception
402 3786 434 3832 to
452 3779 501 3832 the
520 3795 635 3832 manner
652 3778 680 3831 in
697 3779 785 3832 which
802 3778 904 3846 Bacon,
921 3779 1000 3832 when
1018 3779 1148 3848 speaking
1165 3779 1197 3832 of
1211 3778 1259 3832 the
1276 3777 1344 3831 ends
1361 3777 1394 3831 of

236 3861 407 3929 knowledge,
420 3863 522 3932 usually
534 3863 724 3916 subordinates
736 3863 813 3916 trutb
827 3869 857 3916 to
870 3865 1000 3931 practice.

271 3941 293 3975 ³³
312 3945 381 3998 This
393 3947 471 4013 again
483 3948 572 4000 shows
584 3946 631 3999 the
645 3946 814 4014 importauce
827 3945 916 3998 which
930 3945 1024 4000 Bacou
1037 3945 1166 4000 attached
1176 3952 1207 3999 to
1220 3946 1261 3999 bis
1274 3944 1389 3998 Natural

236 4029 362 4098 History.
399 4031 449 4098 Cp.
463 4030 535 4097 Aph.
548 4035 581 4096 98
595 4031 648 4083 and
661 4045 707 4098 my
720 4037 800 4082 notes
812 4045 849 4082 on
862 4029 894 4082 it.

271 4110 294 4142 ⁷⁴
311 4113 367 4165 But
376 4114 424 4167 the
437 4115 513 4167 mind
527 4113 624 4179 would,
633 4114 660 4166 in
670 4114 730 4166 that
740 4129 809 4178 case,
821 4112 930 4182 employ
942 4113 1149 4181 unconsciously
1157 4113 1204 4166 the
1217 4112 1290 4165 rules
1301 4111 1388 4166 which

236 4195 330 4249 Bacon
343 4197 397 4250 and
410 4197 451 4250 his
463 4213 618 4250 successore
631 4197 699 4250 have
718 4196 875 4265 prescribed
893 4195 937 4250 for
955 4197 990 4250 its
1008 4197 1151 4250 conscious
1163 4213 1219 4250 use.
1257 4196 1388 4248 ‘Natural

234 4279 337 4346 Logic’
353 4281 375 4332 is
387 4281 451 4350 only
464 4280 586 4334 artificial
599 4281 679 4348 logie,
692 4281 837 4349 employed
851 4281 1067 4349 unconsciously,
1080 4281 1133 4334 and
1147 4279 1270 4334 artificial
1283 4281 1353 4347 logie
1368 4281 1388 4333 is

235 4363 301 4431 only
313 4363 360 4416 the
372 4363 470 4416 formal
483 4365 641 4432 expression
655 4363 687 4416 of
696 4363 811 4418 Natural
824 4365 920 4431 Logic.

271 4443 293 4476 π
311 4447 366 4501 Mr.
389 4447 527 4515 Speddiug
551 4463 694 4516 compares
718 4449 766 4502 the
790 4447 929 4514 following
953 4447 1063 4516 parallel
1087 4463 1211 4515 passages
1220 4446 1388 4500 2-Valerius

236 4530 393 4598 Terminus,
406 4531 449 4586 ch.
464 4549 495 4584 22
505 4531 643 4587 :-‘That
662 4533 684 4586 it
703 4532 725 4585 is
737 4538 799 4586 true
812 4532 873 4586 that
886 4531 1095 4600 interpretation
1108 4530 1130 4583 is
1143 4531 1190 4584 the
1204 4547 1268 4600 very
1280 4530 1388 4584 natural
