3306 5102
280 380 343 466 382
656 388 813 443 rvovvrv
833 389 1052 446 onoArvuM.

278 555 471 620 fortitudine
497 560 530 616 et
556 551 729 616 debilitate
756 551 914 618 caloris⁵⁰.
959 553 1083 617 Verum
1109 554 1151 617 de
1180 554 1230 617 his
1262 554 1352 618 nulla
1383 565 1434 619 est

277 660 366 724 facta
395 659 536 738 diligens
567 657 754 738 inquisitio;
789 668 826 721 ut
853 679 986 722 necesse
1016 659 1058 722 sit
1089 659 1153 722 ista
1183 657 1298 722 leviter
1327 669 1434 723 trans·

278 766 417 827 mittere.
461 763 602 825 Videtur
623 771 735 825 autem
759 783 803 824 ex
826 761 969 826 flammis
991 761 1047 826 illa
1068 784 1112 825 ex
1135 763 1250 845 spiritu
1270 765 1338 826 vini
1361 785 1435 828 esse

279 867 491 944 mollissima;
525 865 584 928 nisi
612 865 696 929 forte
722 864 806 948 ignis
832 866 951 942 fatuus,
976 874 1035 930 aut
1060 865 1215 930 flammae
1239 888 1295 930 seu
1323 887 1434 931 corus·

278 973 424 1035 cationes
440 992 483 1034 ex
502 970 676 1034 sudoribus
695 969 898 1044 animalium,
915 971 981 1033 sint
1000 971 1176 1034 molliores.
1223 970 1321 1035 Hanc
1339 973 1434 1053 sequi

278 1076 453 1158 opinamur
478 1074 647 1138 flammam
673 1096 717 1138 ex
743 1075 985 1156 vegetabilibus
1009 1075 1137 1138 levibus
1163 1084 1197 1140 et
1230 1076 1364 1157 porosis,
1395 1086 1433 1140 ut

279 1179 445 1256 stramine,
475 1178 601 1260 scirpis,
627 1187 660 1242 et
690 1177 776 1241 foliis
806 1178 966 1258 arefactis,
993 1199 1013 1242 a
1043 1178 1163 1268 quibus
1193 1199 1259 1242 non
1290 1179 1432 1242 multum

279 1282 410 1347 differre
427 1281 597 1344 flammam
614 1301 657 1343 ex
672 1280 747 1362 pilis
762 1291 820 1345 aut
836 1282 966 1364 plumis.
1014 1281 1110 1345 Hanc
1129 1283 1278 1363 sequitur
1294 1281 1433 1346 fortasse

279 1386 415 1449 flamma
438 1405 482 1447 ex
505 1384 610 1465 lignis,
634 1384 826 1465 praesertim
857 1386 895 1447 iis
925 1405 1010 1467 quae
1040 1404 1105 1447 non
1137 1384 1278 1448 multum
1307 1384 1433 1448 habent

279 1510 323 1552 ex
340 1488 446 1551 resina
461 1497 519 1549 aut
535 1486 607 1568 pice
623 1509 630 1564 ;
661 1487 707 1550 ita
724 1496 837 1551 tamen
853 1497 890 1550 ut
904 1486 1039 1550 flamma
1056 1507 1100 1550 ex
1116 1487 1212 1568 lignis
1228 1508 1313 1568 quae
1332 1509 1432 1570 parva

279 1600 356 1655 sunt
381 1590 468 1653 mole
494 1586 594 1674 (quae
616 1588 718 1671 vulgo
748 1589 946 1671 colligantur
976 1591 1009 1653 in
1040 1589 1226 1674 fasciculos)
1255 1590 1360 1654 lenior
1389 1593 1433 1654 sit
1467 1655 1479 1677 ‚

280 1715 379 1777 quam
405 1714 490 1775 quae
514 1692 552 1755 fit
579 1713 623 1755 ex
647 1693 770 1755 truncis
799 1692 952 1756 arborum
984 1702 1017 1756 et
1048 1694 1221 1756 radicibus.
1268 1694 1308 1756 Id
1342 1695 1432 1775 quod

278 1797 379 1878 vulgo
403 1795 544 1878 experiri
566 1795 642 1858 licet
666 1795 699 1857 in
722 1794 907 1858 fornacibus
930 1816 1014 1876 quae
1037 1796 1156 1858 ferrum
1181 1807 1380 1878 excoquunt,
1398 1798 1432 1858 in

279 1901 398 1981 quibus
414 1899 498 1980 ignis
514 1919 557 1960 ex
573 1897 735 1961 fasciculis
754 1907 787 1961 et
804 1899 902 1961 ramis
917 1899 1069 1962 arborum
1090 1920 1155 1962 non
1177 1909 1226 1962 est
1248 1900 1431 1963 admodum

279 2001 409 2065 utilis⁶1.
448 2001 546 2064 Hanc
562 2001 710 2081 sequitur
721 1995 772 2084 (ut
784 1997 994 2086 arbitramur)
1006 2001 1140 2064 flamma
1156 2023 1199 2064 ex
1215 2003 1289 2067 oleo
1306 2012 1338 2065 et
1353 2023 1431 2066 sevo

279 2116 312 2169 et
338 2125 421 2183 cera,
448 2114 481 2166 et
505 2102 694 2185 hujusmodi
719 2103 838 2166 oleosis
866 2115 899 2167 et
926 2106 1111 2187 pinguibus
1138 2127 1224 2187 quae
1254 2116 1331 2169 sunt
1362 2105 1432 2168 sine

279 2228 398 2289 magna
414 2207 602 2269 acrimonia.
648 2206 862 2270 Fortissimus
883 2217 994 2271 autern
1014 2208 1103 2272 calor
1126 2211 1286 2292 reperitur
1306 2210 1340 2272 in
1359 2209 1432 2290 pice

279 2324 312 2376 et
334 2313 461 2388 resina3
495 2321 597 2392 atque
621 2309 728 2374 adhuc
757 2312 863 2392 magis
885 2313 918 2374 in
942 2311 1099 2394 sulphure
1124 2322 1158 2376 et
1185 2312 1369 2394 caphura⁶²,
1397 2323 1432 2377 et

278 2415 427 2498 naphtha
443 2424 476 2477 et
492 2413 657 2496 petrelaeo
674 2425 707 2477 et
722 2413 844 2477 salibus
865 2413 1059 2501 (postquam
1079 2417 1215 2480 materia
1235 2418 1337 2480 cruda
1359 2437 1432 2480 eru·

277 2517 385 2605 perit),
403 2529 435 2583 et
451 2521 484 2581 in
500 2519 617 2583 horum
628 2520 929 2601 compositionibus,
941 2521 1042 2584 veluti
1059 2521 1193 2603 pulvere
1209 2522 1431 2600 tormentatio,

278 2626 353 2708 igne
375 2622 533 2688 Graeco⁵³
556 2621 670 2708 (quem
692 2624 791 2706 vulgo
814 2625 925 2706 ignem
947 2623 1052 2688 ferum
1075 2622 1218 2709 vocant),
1241 2635 1274 2689 et
1297 2625 1432 2689 diversis

278 2730 347 2810 ejus
371 2727 555 2811 generibus,
574 2747 660 2809 quae
682 2735 753 2790 tam
779 2729 983 2792 obstinatum
1006 2727 1131 2792 habent
1155 2728 1297 2793 calorem
1325 2738 1361 2791 ut
1387 2729 1431 2792 ab

278 2833 373 2914 aquis
388 2853 454 2896 non
471 2830 565 2894 facile
581 2831 845 2913 exstinguantur.

313 3001 336 3032 ⁶⁰
355 3003 382 3056 lt
401 3003 423 3055 is
441 3003 539 3056 almost
559 3019 741 3071 unnecessary
758 3010 788 3056 to
807 3003 915 3056 remark
938 3003 998 3056 that
1017 3003 1065 3055 the
1084 3003 1167 3056 order
1186 3003 1213 3056 in
1230 3004 1319 3057 which
1337 3004 1432 3057 Bacon

277 3102 406 3152 arranges
418 3086 465 3138 the
477 3092 663 3154 temperature
681 3085 714 3138 of
729 3085 822 3140 flames
841 3087 921 3140 bears
939 3086 1035 3154 hardly
1048 3102 1101 3156 any
1114 3087 1230 3140 relation
1248 3093 1279 3140 to
1297 3088 1346 3141 the
1364 3104 1431 3141 con·

277 3169 395 3222 clusions
416 3169 580 3221 established
605 3169 643 3237 by
664 3169 779 3222 modern
804 3170 955 3238 physicists.
1005 3169 1052 3223 lle
1076 3186 1131 3222 was
1154 3171 1251 3239 partly,
1273 3186 1311 3224 no
1335 3170 1431 3238 doubt,

277 3251 407 3305 deceived
421 3254 455 3319 by
468 3251 516 3304 the
529 3251 686 3320 luminosity
698 3269 732 3305 or
744 3252 923 3320 illuminating
937 3269 1030 3321 power
1045 3253 1078 3306 of
1091 3253 1193 3322 flames,
1206 3254 1295 3308 which
1314 3254 1336 3307 is
1353 3254 1431 3308 often

277 3351 344 3402 very
367 3334 428 3399 low,
450 3334 530 3386 when
554 3334 603 3388 the
627 3340 814 3403 temperature
839 3336 861 3389 is
880 3353 946 3405 very
968 3336 1041 3403 high.
1087 3336 1175 3403 Thus,
1194 3336 1238 3391 for
1263 3339 1394 3404 instance,
1415 3354 1433 3392 a
1515 3327 1517 3332 ¹

277 3416 418 3487 hydrogen
430 3416 518 3482 flame,
532 3417 620 3470 which
633 3417 656 3470 is
667 3417 714 3472 the
727 3418 812 3486 palest
826 3418 859 3471 of
867 3419 909 3486 all,
922 3420 997 3485 gives
1009 3425 1059 3472 out
1071 3419 1120 3473 the
1132 3425 1252 3486 greatest
1263 3420 1336 3474 heat.

313 3502 338 3554 Α
350 3500 423 3566 good
435 3505 553 3552 account
566 3498 599 3552 of
608 3500 656 3553 the
669 3506 767 3553 nature
782 3499 815 3552 of
832 3501 925 3554 Flame
945 3503 967 3554 is
984 3501 1063 3568 given
1075 3503 1103 3555 in
1118 3503 1232 3556 Miller's
1245 3502 1386 3556 Elements
1402 3501 1435 3556 of

279 3583 443 3651 Chemistry,
456 3583 524 3636 Part
537 3583 563 3635 ii.
602 3581 634 3634 In
648 3583 763 3636 Ganot’s
776 3583 889 3651 Physics
903 3583 1100 3652 (Translation,
1115 3585 1162 3637 oth
1175 3586 1236 3653 Ed,
1250 3585 1339 3655 §448)
1351 3585 1432 3639 there

278 3669 300 3722 is
318 3685 334 3722 a
351 3669 425 3722 table
444 3667 474 3720 of
491 3668 538 3720 the
554 3668 666 3721 relative
686 3669 834 3736 quantities
852 3668 884 3722 of
898 3667 962 3722 heat
980 3669 1144 3736 disengaged
1161 3668 1198 3738 by
1211 3671 1318 3723 various
1336 3669 1432 3723 bodies

277 3753 375 3819 during
387 3751 569 3806 combustion.
606 3751 764 3818 Marah-gas
782 3768 876 3805 comes
893 3759 960 3805 next
978 3757 1009 3805 to
1022 3751 1164 3820 hydrogeu
1179 3753 1206 3806 in
1218 3752 1273 3806 this
1285 3753 1339 3820 list,
1352 3753 1433 3807 while

277 3837 369 3906 spirits
381 3833 413 3888 of
424 3837 496 3888 wine
509 3836 531 3888 is
543 3835 683 3904 relatively
696 3835 759 3902 high
772 3835 826 3888 and
838 3835 950 3903 sulphur
962 3835 1103 3905 relatively
1115 3837 1177 3890 low.

312 3917 332 3950 ⁶¹
353 3918 416 3972 The
429 3919 555 3988 quantity
568 3918 600 3972 of
616 3920 680 3972 beat
692 3919 856 3986 disengaged
875 3919 911 3987 by
923 3919 1006 3972 moist
1019 3918 1099 3974 wood
1112 3920 1211 3987 during
1222 3919 1397 3974 combustiou
1410 3918 1432 3972 is

277 4001 360 4056 much
373 4002 425 4054 less
437 4002 502 4054 than
515 4001 575 4055 that
587 4001 750 4070 disengaged
763 4002 798 4071 by
812 4002 863 4070 dry
876 4001 967 4056 wood.

312 4083 335 4115 ³⁹
354 4084 502 4153 Camphor.

312 4165 335 4198 ⁶³
353 4165 411 4220 Not
423 4172 454 4220 to
466 4167 501 4220 be
514 4165 690 4222 confounded
702 4167 769 4221 with
781 4168 958 4236 gunpowder.
994 4167 1037 4221 ‘lt
1050 4184 1105 4221 was
1117 4167 1218 4222 known
1231 4169 1260 4221 in
1271 4168 1319 4222 the
1332 4175 1389 4223 east
1402 4167 1435 4222 of

278 4251 389 4318 Europe
402 4267 431 4303 as
443 4250 517 4318 early
528 4266 556 4302 as
569 4251 616 4304 the
629 4268 695 4320 year
703 4263 761 4305 Aa).
771 4254 832 4319 673,
843 4251 932 4317 when,
942 4251 964 4304 it
976 4250 998 4304 is
1011 4250 1077 4318 said,
1088 4251 1241 4319 Callinicus,
1251 4267 1286 4304 an
1298 4251 1432 4306 architect

277 4334 309 4388 of
325 4332 487 4400 Heliopolis,
500 4333 597 4400 taught
615 4334 663 4388 the
682 4350 730 4388 use
748 4333 780 4388 of
796 4335 817 4387 it
835 4341 865 4388 to
883 4335 932 4388 the
949 4335 1063 4389 Greeks.
1102 4335 1129 4388 lt
1145 4336 1193 4390 did
1212 4341 1263 4388 not
1282 4336 1364 4389 reach
1383 4335 1431 4388 the

277 4421 345 4471 west
369 4414 402 4468 of
430 4415 539 4485 Europe
564 4418 605 4470 till
635 4417 719 4473 much
743 4417 830 4474 later!
879 4417 988 4472 Braude
1015 4418 1069 4472 and
1100 4419 1184 4472 Cox’s
1215 4418 1379 4488 Dictionary
1402 4417 1435 4470 of

278 4500 400 4567 Science,
416 4498 467 4552 &o
