3324 5110
681 407 760 465 ΜΒ.
782 409 810 464 I.
836 398 887 467 82.
1298 416 1360 488 273

210 568 312 653 Quod
335 567 362 632 si
378 567 451 653 quis
466 573 516 633 'ex
538 576 631 634 tanta
647 568 859 634 multitudine
878 568 1049 635 scientiam
1073 570 1193 636 affectu
1218 571 1360 655 ingenuo

209 684 243 737 et
259 683 395 756 propter
410 693 446 737 se
469 681 627 756 expetat3
649 673 832 737 invenietur
852 684 966 738 tamen
990 674 1045 739 ille
1063 675 1134 758 ipse
1153 677 1264 758 potius
1282 697 1360 740 con-

207 777 463 861 templationum
505 786 539 840 et
576 777 800 841 doctrinarum
837 778 1042 856 varietatem,
1074 799 1174 862 quarn
1213 780 1360 843 veritatis

208 901 356 944 severam
387 891 421 945 et
451 880 591 964 rigidam
622 881 867 964 inquisitionem
903 883 1005 965 sequi.
1051 883 1188 959 Rursus,
1221 883 1249 946 si
1278 883 1361 946 alius

209 985 372 1067 quispiam
399 985 538 1049 fortasse
563 985 711 1049 veritatis
737 985 909 1067 inquisitor
935 985 978 1049 sit
1000 988 1143 1050 severior
1156 1008 1164 1068 3
1187 996 1300 1050 tamen
1327 995 1361 1050 et

208 1087 265 1152 ille
279 1089 350 1170 ipse
365 1087 468 1152 talem
482 1089 543 1151 sibi
560 1097 724 1172 proponet
738 1089 885 1153 veritatis
901 1091 1135 1170 conditionem,
1152 1111 1236 1172 quae
1258 1091 1361 1154 menti

208 1201 243 1256 et
265 1192 446 1268 intellectui
468 1193 649 1257 satisfaciat
675 1193 708 1256 in
736 1193 921 1257 redditione
948 1214 1119 1258 causarum
1144 1214 1251 1260 rerum
1275 1187 1384 1277 quae*

205 1295 407 1379 jampridem
453 1305 530 1360 sunt
567 1297 739 1379 cognitae;
778 1316 844 1360 non
874 1318 957 1373 earn,
989 1318 1073 1379 quae
1106 1319 1191 1362 nova
1223 1319 1361 1381 operum

208 1399 356 1482 pignora,
374 1410 408 1464 et
430 1420 550 1464 novam
573 1401 781 1464 axiomatum
804 1399 910 1464 lucem
933 1411 1135 1484 assequatur.
1181 1402 1309 1485 Itaque,
1333 1403 1360 1466 si

210 1504 284 1567 finis
300 1504 509 1569 scientiarum
524 1525 544 1567 a
560 1504 691 1568 nemine
709 1503 818 1568 adhuc
835 1505 921 1568 bene
941 1505 1067 1586 positus
1085 1505 1135 1584 sit,
1152 1526 1218 1569 non
1242 1507 1360 1568 mirum

210 1615 261 1670 est
283 1607 310 1670 si
332 1607 366 1670 in
389 1607 436 1684 iis,
453 1627 538 1689 quae
561 1615 637 1670 sunt
660 1606 874 1672 subordinata
895 1607 938 1670 ad
962 1608 1071 1684 finem,
1088 1618 1244 1690 sequatur
1266 1608 1361 1672 aber·

210 1709 305 1774 ratio.

700 1815 886 1882 LXXXII.

256 1934 549 2018 Quemadmodum
593 1944 709 1999 autem
737 1936 810 2000 finis
851 1945 885 2001 et
915 1946 1005 2001 meta
1034 1935 1244 2001 scientiarum
1275 1935 1361 2000 male

209 2040 319 2122 posita
334 2047 411 2102 sunt
428 2039 518 2120 apud
534 2038 705 2117 homines;
723 2039 770 2103 ita
791 2029 899 2103 rursus
918 2041 1047 2105 etiamsi
1068 2041 1124 2104 illa
1144 2051 1234 2105 recte
1253 2042 1362 2124 posita

209 2143 357 2218 fuissent,
383 2144 473 2236 viam
501 2150 613 2206 tamen
647 2144 708 2207 sibi
741 2144 935 2228 delegerunt
962 2147 1098 2210 omnino
1128 2167 1297 2210 erroneam
1327 2153 1362 2211 et

210 2245 448 2329 imperviam²⁰.
512 2246 613 2328 Quod
654 2257 789 2330 stupore
830 2251 975 2331 quodam
1015 2251 1162 2313 animum
1198 2251 1259 2313 rite
1291 2271 1361 2313 rem

211 2351 377 2432 reputanti
408 2348 620 2431 perculserit;
652 2371 718 2414 non
749 2351 806 2414 ulli
838 2353 1026 2417 mortalium
1056 2374 1153 2418 curae
1182 2364 1240 2417 aut
1271 2354 1361 2417 cordi

210 2453 321 2528 luisse,
345 2460 382 2517 ut
412 2453 593 2518 intellectui
625 2454 772 2518 humano
801 2455 844 2519 ab
873 2457 945 2538 ipso
970 2478 1068 2520 sensu
1095 2467 1128 2521 et
1157 2457 1362 2540 experientia

210 2558 363 2622 ordinata
392 2567 426 2622 et
459 2557 545 2621 bene
575 2559 708 2622 condita
733 2559 787 2622 via
812 2561 992 2642 aperiretur
1015 2570 1050 2624 et
1075 2561 1275 2639 muniretur;
1302 2561 1361 2623 sed

210 2661 323 2724 omnia
351 2660 403 2725 vel
427 2662 641 2725 traditionum
669 2659 807 2744 baligini¹
834 2663 887 2726 vel
911 2672 1179 2746 argumentorum
1209 2659 1361 2744 vertigini

212 2773 247 2828 et
262 2764 394 2840 turbini,
410 2764 463 2828 vel
479 2785 573 2829 casus
597 2774 630 2828 et
651 2767 875 2848 experientiae
889 2785 995 2848 vagae
1010 2776 1044 2830 et
1062 2767 1249 2830 inconditae
1264 2767 1361 2830 undis

209 2877 245 2931 et
267 2867 463 2949 ambagibus
489 2869 649 2950 permissa
678 2889 758 2932 esse.
803 2867 918 2949 Atque
944 2869 1067 2951 cogitet
1094 2869 1166 2952 quis
1191 2869 1298 2932 sobrie
1329 2879 1362 2933 et

209 2970 392 3052 diligenter,
407 2970 513 3053 qualis
538 2972 580 3034 sit
596 2993 635 3035 ea
649 2973 711 3046 via,
728 2993 828 3054 quam
845 2973 877 3035 in
899 2973 1107 3055 inquisitione
1123 2982 1156 3037 et
1174 2974 1362 3037 inventione

208 3072 345 3154 alicujus
361 3073 406 3137 rei
421 3074 571 3138 homines
587 3074 743 3138 adhibere
758 3086 1004 3139 consueverunt.
1051 3077 1097 3140 Et
1112 3077 1217 3159 primo
1233 3077 1362 3140 notabit

208 3176 425 3259 proculdubio
450 3179 636 3243 inveniendi
664 3179 799 3242 modum
831 3179 1014 3264 simplicem
1046 3190 1080 3244 et
1106 3180 1361 3260 inartificiosum,

206 3281 263 3363 qui
286 3280 473 3345 hominibus
497 3283 643 3345 maxime
667 3292 717 3346 est
740 3283 917 3348 familiaris.
964 3284 1029 3348 Hic
1051 3293 1164 3348 autem
1188 3306 1254 3348 non
1276 3285 1361 3348 alius

209 3393 268 3462 est,
291 3405 391 3466 quam
414 3394 451 3449 ut
473 3385 509 3462 is,
533 3385 644 3467 quise
666 3385 709 3449 ad
733 3387 967 3451 inveniendum
990 3388 1114 3470 aliquid
1133 3398 1305 3472 comparat
1328 3398 1362 3454 et

243 3587 266 3619 ²⁰
285 3588 380 3642 There
399 3588 421 3642 is
439 3590 509 3644 little
529 3591 558 3642 in
576 3589 630 3642 this
648 3589 795 3658 Aphorism
813 3589 903 3644 which
923 3590 1016 3644 Bacon
1034 3592 1082 3645 has
1101 3598 1150 3645 not
1169 3591 1279 3660 already
1295 3590 1361 3647 said.

208 3670 265 3725 But
277 3673 298 3724 it
313 3674 334 3726 is
346 3672 423 3726 often
436 3674 552 3740 striking
564 3673 592 3725 in
605 3673 771 3741 expression,
781 3675 834 3726 and
847 3689 910 3742 may
920 3673 954 3726 be
964 3675 1047 3727 tahen
1057 3691 1086 3727 as
1098 3691 1114 3727 a
1125 3691 1263 3740 summary
1276 3679 1361 3726 state·

208 3762 287 3809 ment
298 3755 330 3810 of
343 3755 391 3809 the
404 3756 469 3810 salse
482 3757 609 3810 methods
621 3755 710 3810 which
723 3772 787 3810 men
801 3773 900 3826 pursue
913 3757 939 3808 in
953 3757 1025 3810 their
1042 3757 1188 3825 enquiries.
1224 3755 1287 3809 The
1303 3756 1362 3810 first

208 3838 241 3893 of
250 3840 327 3893 these
340 3839 362 3892 is
375 3846 405 3893 to
418 3840 516 3894 collect
529 3839 654 3909 opinions
667 3839 720 3893 and
733 3841 903 3906 authorities,
917 3840 971 3893 and
983 3840 1058 3906 then,
1068 3840 1106 3908 by
1115 3840 1273 3907 comparing
1284 3840 1362 3893 them

208 3923 262 3975 and
280 3922 422 3990 reflectiug
440 3939 477 3976 on
495 3922 581 3991 thern,
599 3930 631 3977 to
650 3928 768 3989 attempt
787 3929 817 3975 to
836 3925 923 3975 arrive
942 3928 971 3975 at
989 3939 1023 3974 an
1042 3923 1153 3990 opinion
1172 3922 1204 3976 of
1219 3938 1272 3975 our
1289 3939 1361 3978 own.

209 4003 273 4058 The
297 4005 399 4060 second
425 4006 447 4059 is
470 4013 502 4059 to
526 4006 618 4060 follow
639 4005 687 4059 the
712 4004 863 4060 dialectical
890 4004 933 4075 (or
957 4004 1140 4074 syllogistical)
1166 4005 1289 4072 method,
1312 4009 1362 4057 not

206 4089 363 4156 examining
386 4087 434 4142 the
459 4089 518 4143 first
540 4089 694 4159 principles,
716 4089 766 4142 but
792 4088 882 4142 either
905 4089 1001 4155 taking
1024 4087 1100 4142 thern
1124 4086 1169 4141 sor
1190 4089 1305 4154 granted
1329 4104 1362 4142 or

207 4171 364 4238 borrowing
376 4171 452 4226 them
464 4171 537 4226 from
550 4173 597 4226 the
610 4171 761 4241 professors
778 4171 811 4224 of
825 4171 873 4225 the
890 4172 994 4224 several
1010 4177 1074 4238 arts,
1088 4171 1141 4223 and
1153 4170 1219 4223 then
1232 4171 1362 4238 pursuing

206 4255 285 4308 these
311 4255 369 4307 first
389 4257 536 4324 principles
557 4262 588 4309 to
610 4256 683 4309 their
703 4261 812 4308 remote
833 4271 1046 4324 consequences,
1064 4253 1180 4308 without
1200 4255 1313 4322 pausing
1331 4262 1361 4307 to

207 4338 322 4406 enquire
341 4340 400 4392 into
418 4339 466 4393 the
485 4338 562 4392 truth
581 4339 614 4392 of
629 4339 677 4392 the
692 4340 757 4392 data
775 4355 811 4392 on
825 4339 914 4393 which
931 4338 996 4408 they
1013 4353 1060 4391 are
1077 4336 1168 4390 based.
1205 4336 1268 4389 The
1286 4336 1362 4390 third

206 4420 260 4474 and
273 4420 324 4474 last
337 4421 402 4474 isto
415 4423 523 4475 consult
536 4423 708 4491 experiente,
718 4422 768 4478 but
781 4423 899 4478 without
911 4439 964 4491 any
974 4421 1086 4476 definite
1098 4419 1181 4474 order
1193 4436 1226 4473 or
1238 4420 1361 4488 method,

207 4505 331 4574 groping,
345 4521 374 4559 as
387 4507 409 4558 it
421 4522 503 4574 were,
517 4507 544 4559 in
557 4507 605 4560 the
618 4506 695 4577 dari,
709 4506 814 4560 instead
826 4505 859 4560 of
867 4506 979 4575 guiding
990 4522 1042 4559 our
1054 4511 1127 4575 steps
1139 4504 1175 4573 by
1188 4519 1204 4556 a
1215 4503 1293 4571 light.
