3324 5110
285 442 348 512 332
661 435 818 491 NOVUM
839 434 1058 490 ORGANUM.

284 621 344 682 per
375 610 486 665 nostra
519 610 696 684 praecepta
729 608 824 664 erunt
857 599 962 682 magis
996 601 1029 662 in
1060 598 1238 681 procinctu,
1269 607 1303 662 et
1334 595 1439 662 multo

286 704 439 769 firmiora.

328 808 447 889 Neque
462 816 574 872 tamen
596 807 658 871 illis
679 808 758 870 nihil
779 808 858 871 addi
879 827 975 891 posse
995 807 1216 871 affirmamus:
1240 807 1298 870 sed
1314 815 1438 880 contra,

298 979 301 984 ,
381 931 450 990 nos,
466 913 521 995 qui
540 921 685 978 mentem
702 913 894 993 respicimus
910 932 976 974 non
992 920 1122 974 tantum
1138 913 1171 975 in
1187 910 1344 975 facultate

546 1017 685 1098 propria,
722 1016 780 1079 sed
811 1026 972 1099 quatenus
1006 1015 1180 1097 copulatur

588 1140 662 1184 cum
690 1121 796 1196 rebus,
823 1119 943 1183 Artem
970 1120 1136 1183 invenien-

632 1227 666 1288 di
691 1245 765 1289 cum
793 1224 940 1287 Inventis
964 1223 1092 1287 adoles·

675 1349 748 1392 cere
773 1349 879 1412 posse,
904 1337 1048 1391 statuere

761 1433 961 1497 debemusw.

284 1613 337 1666 and
344 1612 433 1667 direct
446 1613 592 1678 intention,
602 1613 703 1678 action,
716 1610 768 1663 and
779 1610 950 1678 progressiou
960 1609 992 1662 of
1001 1610 1049 1663 the
1063 1611 1286 1677 understandiug,
1300 1609 1437 1662 delivered

283 1695 356 1749 from
367 1697 560 1764 impediments
570 1712 577 1762 ;
589 1695 643 1748 and
655 1694 716 1748 that
726 1694 761 1748 all
773 1694 951 1762 anticipation
962 1694 984 1746 is
993 1695 1043 1747 but
1056 1711 1071 1747 a
1083 1695 1218 1750 deflexion
1229 1711 1262 1746 or
1270 1693 1437 1747 declination

283 1777 320 1848 by
333 1781 477 1834 accident!
512 1780 582 1833 Λᾶν.
594 1778 626 1832 of
636 1779 736 1832 Learn.
751 1777 818 1848 (and
831 1775 917 1847 book)
927 1780 978 1831 :-‘
990 1777 1046 1830 For
1063 1777 1098 1831 he
1115 1777 1175 1830 that
1189 1778 1257 1830 shall
1276 1777 1436 1844 attentively

282 1863 397 1916 observe
416 1863 477 1917 how
490 1864 538 1917 the
557 1863 633 1916 mind
651 1861 719 1915 doth
738 1861 836 1928 gather
852 1860 906 1913 this
924 1862 1061 1913 excellent
1079 1861 1139 1914 dew
1152 1861 1184 1914 of
1200 1861 1369 1927 knowledge,
1382 1859 1436 1912 like

282 1953 351 2000 unto
369 1947 429 2000 that
442 1947 531 2000 which
548 1946 596 2000 the
615 1952 680 2014 poet
699 1945 830 2013 speaketh
849 1943 887 2011 of,
900 1943 980 1998 Ab'rir'
991 1944 1072 1998 mellis
1088 1946 1203 1999 coelestia
1219 1946 1293 2010 dona,
1307 1943 1436 2008 distilling

283 2029 338 2083 and
351 2031 503 2098 contriving
515 2031 537 2083 it
549 2037 599 2083 out
617 2029 649 2082 of
664 2029 825 2097 particulars
837 2030 944 2081 natural
957 2029 1011 2081 aud
1024 2028 1155 2094 artificial‚
1168 2045 1197 2082 as
1214 2028 1263 2082 the
1281 2028 1388 2080 flowers
1406 2025 1439 2080 of

283 2114 332 2166 the
349 2113 412 2168 lield
430 2115 484 2167 aud
502 2113 612 2181 garden‚
626 2112 691 2166 shall
712 2112 768 2164 lind
786 2112 846 2164 that
865 2112 913 2164 the
929 2112 1006 2165 mind
1026 2112 1057 2165 of
1072 2111 1175 2165 herself
1193 2113 1230 2181 by
1249 2118 1347 2164 nature
1367 2111 1435 2164 dotlr

282 2213 397 2264 manage
410 2198 464 2250 aud
476 2207 520 2251 act
532 2214 566 2250 an
580 2197 723 2250 induction
736 2196 818 2248 much
831 2196 925 2249 better
937 2195 1004 2248 than
1018 2195 1085 2264 they
1097 2195 1221 2249 describe
1235 2197 1274 2251 it!

318 2279 339 2312 ⁷⁶
360 2283 392 2335 ln
411 2281 460 2335 the
480 2281 608 2348 Cogitata
627 2287 655 2334 et
673 2281 737 2333 Visa
756 2281 802 2349 (E.
821 2279 874 2334 and
894 2282 929 2346 8.,
945 2281 998 2333 vol.
1018 2280 1053 2334 iii.
1072 2297 1099 2348 p.
1115 2278 1189 2349 610),
1204 2280 1284 2333 there
1306 2280 1362 2332 isa
1381 2278 1435 2332 fine

282 2381 393 2434 passage
414 2381 450 2418 on
474 2365 522 2418 the
546 2364 662 2418 relation
686 2364 814 2417 between
836 2363 985 2433 particular
1004 2363 1169 2417 discoveries
1191 2363 1245 2416 and
1265 2363 1313 2416 the
1336 2363 1388 2416 Art
1406 2361 1439 2415 of

282 2449 435 2518 Discovery
449 2447 537 2503 itself:

319 2532 420 2601 ‘Qrod
441 2533 462 2584 si
484 2531 653 2600 particularis
673 2530 788 2599 alicujus
807 2529 911 2583 inventi
932 2530 1033 2583 utilitas
1053 2531 1091 2584 ita
1112 2530 1236 2584 homines
1255 2529 1386 2596 affecerit,
1405 2537 1438 2583 ut

283 2633 347 2669 eum
372 2617 419 2686 qui
443 2617 598 2669 universum
623 2631 709 2682 genus
734 2615 883 2667 humanum
908 2615 991 2667 unico
1015 2614 1107 2682 aliquo
1130 2614 1264 2669 beneficio
1288 2613 1435 2682 complecti

283 2707 383 2769 posset,
398 2699 508 2753 homine
528 2699 660 2768 majorem
680 2705 827 2767 putarent;
852 2705 880 2752 at
900 2699 987 2751 multo
1006 2698 1103 2751 celsius
1120 2699 1261 2751 inventum
1280 2715 1347 2764 esse,
1361 2697 1436 2766 quod

283 2785 335 2838 alia
347 2786 439 2837 omnia
452 2785 563 2836 inventa
581 2783 754 2852 particularia
773 2783 897 2850 potentia
910 2781 1027 2849 quadam
1040 2782 1067 2835 in
1080 2798 1109 2835 se
1122 2782 1271 2848 contineat,
1284 2798 1316 2836 ac
1329 2781 1436 2834 animae

285 2867 419 2922 humanae
431 2869 487 2920 vias
506 2868 616 2935 aperiat,
629 2873 660 2920 ut
673 2866 708 2919 ad
721 2883 791 2920 nova
805 2872 834 2919 et
847 2867 977 2919 ulteriora
989 2882 1114 2934 quaeque
1127 2866 1212 2919 ductu
1224 2874 1304 2919 certo
1316 2875 1346 2919 et
1358 2872 1437 2918 recto

283 2958 428 3021 penetrare
440 2953 533 3020 possit.
571 2950 812 3020 Qremadmodum
825 2950 899 3002 enim
911 2951 1025 3002 saeculis
1037 2951 1181 3018 prioribus,
1194 2966 1256 3003 cum
1269 2949 1395 3003 homines
1408 2949 1435 3001 in

282 3035 433 3101 navigando
457 3052 508 3104 per
531 3035 670 3088 stellarum
694 3041 804 3087 tanturn
829 3034 1035 3086 observationes
1065 3050 1175 3087 cursum
1200 3033 1362 3100 dirigebant,
1386 3049 1435 3087 eos

282 3119 382 3172 veteris
394 3135 457 3171 sane
470 3119 638 3172 continentis
654 3133 715 3172 oras
733 3118 837 3184 legisse,
851 3123 899 3170 aut
917 3117 1003 3170 maria
1021 3117 1111 3186 aliqua
1129 3118 1237 3170 minora
1254 3124 1283 3170 et
1302 3117 1434 3170 mediter·

282 3217 366 3254 ranea
378 3201 532 3269 trajecisse3
551 3217 662 3255 necesse
681 3209 772 3255 autem
792 3201 874 3254 fuisse
893 3217 971 3254 usum
990 3217 1055 3254 acus
1072 3201 1206 3268 nauticae,
1220 3207 1250 3255 ut
1262 3201 1362 3254 ducem
1375 3201 1434 3253 viae

283 3286 368 3351 magis
389 3285 481 3352 fidum,
503 3286 661 3352 innotuisse,
681 3295 830 3354 antequam
856 3286 983 3338 Oceanus
1005 3285 1187 3354 trajiceretur,
1208 3291 1238 3338 et
1259 3283 1329 3338 Novi
1352 3285 1435 3336 Orbis

283 3368 408 3436 regiones
429 3370 639 3436 detegerentur:
667 3369 746 3422 simili
766 3385 877 3437 prorsus
899 3369 1015 3435 ratione,
1034 3385 1105 3437 quae
1125 3369 1265 3438 hucusque
1283 3369 1311 3422 iu
1329 3369 1434 3421 artibus

284 3461 313 3506 et
332 3453 452 3507 scientiis
470 3452 612 3506 hominum
632 3453 742 3506 inventa
762 3459 835 3519 sunt,
854 3452 975 3521 potuisse
997 3452 1135 3519 instinctu,
1157 3469 1215 3518 usu,
1235 3453 1435 3519 observatione,

283 3537 472 3602 meditatione,
495 3537 600 3605 aperiri,
622 3543 719 3605 utpote
742 3537 832 3589 sensui
854 3537 999 3604 propiora3
1030 3543 1177 3604 antequam
1200 3553 1266 3589 vero
1287 3535 1321 3589 ad
1341 3551 1434 3588 remo·

281 3623 354 3674 tiora
367 3627 396 3673 et
409 3621 559 3674 occultiora
572 3628 685 3673 naturae
697 3621 833 3688 appellere
846 3621 935 3685 liceat,
945 3621 1099 3673 necessario
1109 3619 1283 3688 praecedere,
1293 3628 1324 3672 ut
1338 3618 1436 3673 melior

282 3712 311 3758 et
324 3705 473 3774 perfectior
485 3705 584 3758 mentis
596 3705 731 3757 humanae
744 3720 808 3756 usus
820 3712 848 3756 et
862 3703 1021 3771 adoperatio
1034 3705 1196 3758 inveniatur.
1233 3705 1326 3774 Quare
1339 3702 1434 3771 hujus-

281 3789 389 3843 cemodi
411 3789 557 3842 inventum
581 3787 762 3857 proculdubio
785 3786 934 3855 Temporis
955 3792 1065 3854 partum
1087 3786 1293 3854 nobilissimum,
1315 3793 1344 3840 et
1369 3801 1433 3841 vere

281 3872 431 3925 masculum
445 3871 522 3926 esse.'

317 3955 359 4008 M.
373 3955 490 4007 Bouillet
509 3955 573 4007 calls
592 3954 730 4007 attention
748 3958 780 4005 to
798 3952 846 4005 the
863 3951 1002 4019 following
1014 3969 1124 4020 passage
1137 3953 1164 4006 in
1176 3953 1225 4006 the
1239 3953 1261 4005 F
1263 3954 1329 4005 ilum
1342 3951 1434 4020 Laby-

279 4039 371 4104 rinthi,
389 4040 444 4091 sive
464 4038 607 4106 inquisitio
625 4036 762 4104 Legitima
781 4035 815 4088 de
836 4036 918 4088 Motu
933 4036 977 4104 (Ε.
991 4035 1044 4088 and
1059 4038 1094 4102 8.,
1107 4037 1160 4090 vol.
1174 4036 1208 4089 iii.
1223 4053 1266 4105 pp.
1281 4035 1433 4105 635-63⁶):

277 4120 369 4175 ‘Nam
388 4128 416 4174 et
435 4121 483 4189 ipsi
499 4122 652 4186 statuimus,
664 4127 754 4173 artem
772 4119 927 4172 inveniendi
945 4119 1101 4172 adolescere
1114 4135 1177 4172 cum
1192 4121 1324 4188 inventis3
1343 4136 1433 4190 neque

280 4207 314 4260 ad
334 4205 434 4273 aliquid
453 4206 597 4257 immotum
616 4210 645 4256 et
667 4203 820 4257 inviolabile
841 4203 995 4256 inveniendi
1014 4203 1159 4256 artificium
1178 4203 1320 4256 hominum
1342 4203 1434 4256 indus·

279 4290 360 4342 triam
382 4296 409 4342 et
429 4288 589 4341 felicitatem
608 4289 820 4354 astringendam.
857 4287 932 4338 Artis
953 4285 1026 4338 enim
1046 4285 1246 4354 perfectionem
1267 4287 1333 4340 artis
1355 4303 1433 4340 usum

280 4373 421 4437 remorari,
436 4371 499 4423 nihil
513 4379 555 4423 est
568 4370 701 4423 necesse!

317 4455 450 4523 Properly
467 4454 603 4523 speaking,
623 4455 701 4507 there
722 4453 745 4506 is
768 4469 804 4506 no
823 4452 951 4506 suchart
969 4469 998 4506 as
1017 4468 1052 4504 an
1071 4454 1079 4482 ⁴
1089 4454 1140 4505 Art
1158 4452 1191 4505 of
1206 4453 1371 4521 luventiou,‘
1390 4453 1435 4506 for

280 4539 454 4594 ‘invention’
474 4539 595 4607 depeuds
610 4554 646 4590 on
665 4536 712 4592 the
725 4537 847 4591 exercise
866 4535 898 4590 of
913 4537 961 4590 the
974 4536 1146 4603 imaginative
1158 4535 1270 4607 faculty,
1283 4538 1372 4592 which
1385 4537 1434 4592 has
