3324 5110
681 427 760 485 arn.
783 428 809 482 r.
835 417 887 485 as.
1295 418 1357 506 283

228 604 231 610 ’
252 591 398 655 Primum
423 589 520 668 enim,
546 589 695 654 omnium
718 592 838 656 artium
864 591 921 657 illa
947 592 1106 676 reperitur
1131 591 1261 656 cautela
1287 591 1357 673 jam

206 695 294 758 sacta
316 694 493 770 familiaris,
513 702 550 758 ut
573 695 606 756 in
627 695 775 776 qualibet
797 705 867 759 arte
889 694 1044 759 authores
1066 695 1145 759 artis
1167 716 1247 758 suae
1270 694 1357 758 infir-

207 799 358 863 mitatem
377 799 410 861 in
430 807 565 862 naturae
585 797 784 862 calumniam
802 808 953 877 vertant3
976 809 1010 862 et
1029 799 1120 880 quod
1139 819 1191 862 ars
1212 799 1358 881 ipsorum

205 921 272 964 non
295 902 489 984 assequitur,
513 901 546 964 id
571 923 614 966 ex
636 902 753 966 eadem
775 913 846 967 arte
868 901 1071 986 impossibile
1088 902 1121 964 in
1144 912 1260 966 natura
1284 923 1359 986 pro-

206 1006 373 1070 nunciant.
418 1005 538 1088 Neque
563 1016 653 1070 certe
678 1009 828 1071 damnari
853 1016 965 1090 potest
987 1027 1048 1084 ars,
1073 1007 1100 1070 si
1123 1007 1194 1088 ipsa
1221 1007 1357 1087 judicet.

207 1109 320 1172 Etiam
345 1107 562 1190 philosophia,
585 1130 672 1192 quae
696 1131 783 1175 nunc
808 1113 841 1176 in
869 1111 1021 1176 manibus
1051 1119 1110 1188 est,
1135 1111 1168 1172 in
1195 1110 1267 1172 sinu
1298 1131 1358 1174 suo

205 1213 314 1293 posita
340 1213 505 1295 quaedam
531 1212 630 1288 fovet,
654 1224 711 1278 aut
734 1214 865 1296 placita,
888 1216 1006 1298 quibus
1033 1211 1074 1298 (si
1097 1213 1287 1295 diligentius
1310 1214 1358 1277 in·

206 1313 369 1400 quiratur)
392 1316 455 1381 hoc
481 1315 671 1380 hominibus
696 1320 833 1382 omnino
859 1318 1048 1400 persuaderi
1073 1316 1208 1394 volunt3
1242 1316 1288 1380 nil
1314 1317 1358 1380 ab

205 1430 285 1496 arte,
300 1419 354 1482 vel
373 1419 515 1484 hominis
537 1441 646 1503 opere,
667 1423 815 1500 arduum,
839 1433 897 1488 aut
918 1423 951 1486 in
975 1431 1128 1485 naturam
1146 1421 1359 1502 imperiosum

206 1531 239 1588 et
254 1524 410 1602 validum,
426 1527 594 1608 expectari
618 1528 756 1602 debere;
781 1537 818 1591 ut
839 1529 883 1591 de
905 1526 1117 1608 heterogenia
1139 1524 1256 1588 caloris
1278 1525 1358 1588 astri

206 1637 239 1692 et
255 1627 347 1710 ignis,
364 1637 397 1692 et
413 1630 573 1709 mistione,
589 1632 737 1713 superius
758 1632 883 1696 dictum
902 1629 991 1696 est⁴⁸.
1038 1629 1134 1712 Quae
1154 1628 1180 1691 si
1202 1637 1360 1692 notentur

205 1732 396 1810 accuratius,
419 1733 554 1796 omnino
576 1736 742 1815 pertinent
767 1737 810 1800 ad
831 1736 995 1799 humanae
1021 1732 1195 1815 potestatis
1220 1733 1358 1795 circum·

206 1836 415 1917 scriptionem
443 1837 650 1916 malitiosam,
679 1848 712 1902 et
735 1839 778 1903 ad
799 1841 983 1923 quaesitam
1006 1847 1040 1902 et
1061 1836 1272 1900 artificiosam
1300 1836 1358 1900 de·

205 1941 435 2022 sperationem,
458 1958 543 2022 quae
562 1961 629 2004 non
652 1942 759 2006 solum
783 1945 852 2026 spei
874 1943 1010 2025 auguria
1032 1942 1151 2017 turbet,
1174 1941 1233 2004 sed
1256 1940 1357 2002 etiam

205 2063 320 2108 omnes
351 2044 529 2109 industriae
558 2046 709 2110 stimulos
740 2056 774 2110 et
804 2067 920 2110 nervos
954 2047 1086 2122 incidat,
1119 2053 1220 2126 atque
1257 2043 1358 2125 ipsius

206 2149 431 2229 experientiae
449 2148 538 2212 aleas
558 2148 712 2230 abjiciat3
736 2150 816 2213 dum
838 2150 962 2214 dehoc
982 2159 1112 2213 tantum
1132 2147 1262 2212 solliciti
1283 2148 1357 2224 sint,

205 2260 243 2314 ut
267 2271 319 2314 ars
346 2271 459 2316 eorum
481 2252 627 2334 perfecta
651 2263 842 2332 censeatur;
865 2253 989 2336 gloriae
1011 2253 1207 2317 vanissimae
1229 2261 1262 2315 et
1285 2272 1358 2333 per·

205 2354 388 2418 ditissimae
402 2355 520 2420 dantes
536 2377 680 2439 operam,
696 2357 818 2421 scilicet
834 2368 871 2421 ut
887 2358 1040 2439 quicquid
1057 2355 1166 2420 adhuc
1187 2356 1357 2417 inventum

205 2468 238 2522 et
254 2459 526 2541 comprehensum
542 2480 608 2524 non
624 2462 675 2539 sit,
691 2461 723 2524 id
738 2461 873 2523 omnino
889 2481 949 2524 nec
967 2460 1111 2536 inveniri,
1129 2478 1189 2522 nec
1208 2476 1357 2538 compre-

204 2561 305 2626 hendi
329 2583 426 2645 posse
453 2565 485 2626 in
512 2563 658 2628 futurum
683 2565 844 2628 credatur.
888 2563 939 2627 At
965 2565 991 2627 si
1018 2565 1092 2647 quis
1115 2562 1212 2625 rebus
1234 2559 1357 2623 addere

203 2665 271 2730 se⁴⁹
295 2676 329 2730 et
353 2688 474 2730 novum
501 2667 625 2751 aliquid
656 2669 798 2751 reperire
823 2678 969 2745 conetur,
993 2667 1047 2731 ille
1077 2676 1189 2730 tamen
1221 2665 1356 2727 omnino

203 2769 265 2833 sibi
282 2781 444 2853 proponet
460 2782 493 2835 et
509 2773 688 2836 destinabit
703 2792 805 2835 unum
821 2771 956 2855 aliquod
976 2773 1145 2835 inventum
1167 2765 1241 2854 (nec
1257 2763 1356 2853 ultra)

204 2877 398 2955 perscrutari
419 2884 452 2938 et
472 2896 604 2955 eruere;
634 2885 670 2940 ut
692 2878 855 2958 magnetis
876 2886 1036 2955 naturam,
1052 2875 1150 2938 maris
1170 2873 1298 2936 fluxum
1322 2881 1357 2936 et

207 2977 380 3054 refluxum,
407 2981 521 3043 thema
551 2980 643 3056 coeli,
676 2990 709 3045 et
739 2980 939 3061 hujusmodi,
969 3000 1055 3063 quae
1084 2978 1201 3042 secreti
1230 2975 1354 3057 aliquid

204 3080 326 3146 habere
352 3084 513 3160 videntur,
541 3092 574 3148 et
602 3084 761 3147 hactenus
788 3105 904 3167 parum
933 3083 1070 3148 feliciter
1098 3090 1240 3147 tractata
1269 3081 1355 3144 sint:

204 3205 307 3268 quum
322 3207 473 3250 summae
491 3188 533 3251 sit
554 3187 745 3271 imperitiae,
765 3189 810 3251 rei
833 3188 970 3271 alicujus
993 3197 1143 3251 naturam
1166 3187 1199 3249 in
1227 3206 1261 3248 se
1284 3185 1356 3266 ipsa

204 3292 419 3372 perscrutari3
442 3291 712 3375 quandoquidem
728 3294 845 3356 eadem
866 3303 990 3366 natura,
1008 3313 1093 3375 quae
1116 3292 1149 3354 in
1172 3291 1245 3353 aliis
1264 3290 1355 3352 vide·

202 3403 257 3456 tur
272 3392 379 3458 latens
395 3406 428 3459 et
446 3396 584 3474 occulta,
599 3397 632 3459 in
653 3395 725 3460 aliis
746 3397 922 3462 manifesta
939 3397 983 3460 sit
1004 3407 1037 3461 et
1055 3396 1148 3480 quasi
1170 3392 1354 3477 palpabilis,

202 3508 303 3580 atque
329 3499 362 3560 in
388 3498 452 3562 illis
477 3500 739 3578 admirationem,
765 3501 798 3564 in
824 3501 875 3564 his
903 3521 944 3564 ne
970 3501 1188 3564 attentionem
1220 3497 1355 3580 quidem

202 3595 385 3681 moveat⁵⁰;
419 3613 455 3668 ut
480 3603 517 3667 fit
544 3605 577 3666 in
604 3613 721 3668 natura
747 3606 990 3679 consistentiae,
1018 3625 1103 3688 quae
1130 3604 1163 3665 in
1189 3601 1280 3682 ligno
1302 3598 1355 3662 vel

202 3701 313 3785 lapide
329 3725 394 3769 non
410 3716 552 3785 notatur,
567 3708 627 3770 sed
643 3706 738 3771 solidi
753 3709 975 3791 appellatione
991 3707 1232 3780 transmittitur,
1249 3722 1356 3783 neque

202 3807 345 3889 amplius
379 3811 420 3874 de
456 3810 535 3892 fuga
571 3812 787 3893 separationis
823 3820 882 3875 aut
919 3811 1090 3874 solutionis
1130 3805 1356 3871 continuitatis

237 4028 259 4060 ss

238 4111 260 4145 ‘⁹
276 4032 485 4185 ffih·sq){hding
502 4123 601 4186 quotes
618 4115 692 4170 from
709 4115 756 4170 the
777 4114 946 4181 Redargutio
965 4112 1218 4182 Philosophiamm:
1244 4112 1356 4180 ‘Quare

202 4198 289 4294 missis
311 4199 369 4306 istip
390 4200 565 4270 philosophiis
586 4199 738 4266 abstractis,
760 4213 808 4252 vos
831 4205 861 4252 et
881 4214 942 4267 ego,
963 4197 1018 4266 filii,
1043 4199 1124 4252 rebus
1147 4197 1209 4265 ipsis
1233 4211 1283 4250 nos
1307 4196 1356 4250 ad·

198 4297 479 4421 Jullogzillirullstensine
491 4383 526 4420 or
538 4367 658 4434 Glaring,
670 4366 725 4420 and
738 4366 811 4420 their
822 4365 948 4435 opposite
960 4380 994 4419 or
1009 4363 1186 4418 Clandestine
1207 4362 1356 4430 lnstances,

201 4463 247 4500 see
263 4447 313 4502 Bk.
326 4449 354 4503 ii.
366 4450 451 4517 Aphs.
466 4467 508 4516 24,
524 4469 565 4519 25,
578 4451 633 4506 and
646 4451 807 4506 Herschel’s
820 4451 969 4506 Discourse
982 4465 1019 4504 on
1032 4448 1080 4504 the
1095 4448 1181 4519 Study
1194 4446 1226 4502 oi
1240 4445 1355 4502 Natural

203 4531 377 4604 Philosophy,
391 4534 423 4603 §§
441 4551 535 4601 19²·3·

18 4607 32 4638 D
