3208 5094
332 397 397 480 560
714 407 872 464 novar!
893 406 1112 463 oncAnuM.

331 573 496 658 praesenti
511 569 624 637 autem
640 573 880 656 subjungemus
894 573 1059 656 quaedam
1082 573 1245 641 catholica
1263 577 1348 642 circa
1365 599 1401 643 ea
1421 601 1468 663 pro

332 678 495 762 exemplis
512 685 642 740 tantum
651 676 854 758 polychrestr'.

377 782 543 865 Operatur
558 783 657 865 igitur
671 782 771 845 homo
782 803 882 866 super
893 802 1030 865 corpora
1046 783 1208 850 naturalia
1223 779 1367 871 (praeter
1379 785 1468 868 ipsam

331 887 559 950 admotionem
589 894 623 948 et
652 886 857 950 amotionem
866 883 893 923 ⁸⁰
924 907 1099 969 corporum
1126 885 1327 973 simplicem)
1356 899 1468 972 septem

333 991 508 1074 praecipue
531 990 658 1054 modis:
689 1010 818 1073 nempe,
840 992 892 1054 vel
916 1011 976 1073 per
1002 990 1228 1056 exclusionem
1256 1013 1370 1056 eorum
1398 1015 1469 1076 quae

331 1095 517 1178 impediunt
536 1104 569 1158 et
588 1094 795 1175 disturbant;
821 1095 874 1159 vel
897 1115 957 1177 per
974 1097 1243 1178 compressiones,
1262 1098 1467 1172 extensiones,

331 1199 537 1281 agitationes,
553 1206 587 1262 et
607 1197 817 1280 hujusmodi;
839 1198 892 1262 vel
913 1218 973 1281 per
990 1198 1133 1262 calorem
1152 1209 1186 1263 et
1207 1199 1328 1282 frigus3
1353 1201 1403 1264 vel
1423 1221 1470 1282 per
1554 1219 1555 1226 ¹

332 1321 458 1366 moram
489 1303 522 1364 in
552 1301 625 1364 loco
655 1301 883 1380 convenienti3
920 1300 973 1364 vel
1003 1321 1063 1384 per
1091 1301 1241 1366 fraenum
1271 1313 1305 1368 et
1339 1303 1469 1386 regimen

331 1416 462 1484 motus3
493 1404 546 1468 vel
571 1425 629 1488 per
652 1425 830 1470 consensus
855 1405 1034 1488 speciales;
1068 1406 1120 1468 vel
1147 1425 1206 1488 per
1231 1406 1469 1471 alternationem

330 1511 564 1593 tempestivam
580 1519 614 1573 et
629 1508 787 1587 debitam,
802 1518 904 1591 atque
919 1508 1037 1572 seriem
1052 1517 1087 1571 et
1105 1512 1349 1574 successionem
1368 1509 1470 1575 horum

329 1615 500 1691 omnium;
522 1621 580 1676 aut
596 1612 715 1676 saltem
731 1611 963 1675 nonnullorum
979 1633 1023 1675 ex
1033 1610 1113 1675 illis.

374 1713 424 1804 (ι)
446 1717 505 1780 Ad
532 1716 675 1799 primum
702 1715 802 1796 igitur
832 1716 921 1797 quod
951 1715 1093 1794 attinet;
1127 1722 1183 1780 ae'r
1212 1717 1398 1780 communis
1424 1719 1470 1798 qui

330 1824 477 1905 undique
506 1829 638 1903 praesto
669 1828 719 1884 est
749 1830 784 1883 et
813 1829 854 1883 se
878 1820 1007 1902 ingerit,
1036 1815 1137 1902 atque
1167 1821 1249 1884 radii
1283 1822 1471 1898 coelestium,

330 1928 471 1990 multum
502 1925 647 1988 turbant.
701 1923 798 2006 Quae
828 1924 942 2007 itaque
975 1925 1019 1987 ad
1054 1923 1185 1988 illorum
1219 1923 1471 1990 exclusionem⁸¹

329 2031 463 2109 faciunt,
486 2030 605 2094 merito
632 2027 745 2091 haberi
771 2029 899 2110 possint
929 2049 990 2111 pro
1012 2027 1230 2110 pohchresnh.
1278 2029 1357 2094 Huc
1387 2031 1473 2112 igitur

330 2134 495 2217 pertinent
518 2131 670 2194 materies
696 2139 730 2195 et
757 2133 920 2196 crassities
948 2151 1111 2216 vasorum,
1133 2132 1166 2194 in
1196 2133 1315 2216 quihus
1348 2153 1474 2216 corpora

329 2239 372 2305 ad
415 2238 641 2320 operationem
678 2245 875 2319 praeparata
912 2246 1123 2320 reponuntur.
1183 2238 1353 2314 Similiter,
1395 2239 1473 2302 modi

328 2344 472 2409 accurati
499 2341 717 2406 obturationis
742 2361 904 2420 vasorum,
922 2361 981 2424 per
1003 2341 1299 2406 consolidationem
1322 2352 1358 2407 et
1380 2343 1474 2406 lutum

329 2449 504 2530 sapientiae
513 2445 548 2524 ⁸²,
587 2455 622 2509 ut
660 2445 841 2528 loquuntur
877 2446 1027 2528 chymici.
1089 2446 1201 2510 Etiam
1239 2447 1391 2511 clausura
1426 2467 1475 2530 per

329 2553 474 2636 liquores
508 2553 541 2615 in
572 2550 715 2624 extimiS,
746 2551 920 2614 utilissima
949 2571 1000 2613 res
1031 2559 1100 2628 est3
1134 2559 1170 2614 ut
1201 2571 1277 2614 cum
1307 2551 1475 2615 infundunt

329 2657 439 2721 oleum
463 2677 561 2738 super
581 2655 695 2717 vinum
718 2663 776 2718 aut
798 2675 913 2718 succos
935 2653 1123 2729 herbarum,
1145 2655 1235 2736 qued
1259 2655 1475 2737 expandendo

328 2781 365 2825 se
388 2761 421 2823 in
444 2760 635 2823 summitate
657 2759 761 2822 instar
783 2757 935 2841 operculi,
958 2759 1085 2840 optime
1107 2779 1147 2822 ea
1169 2769 1344 2823 conservat
1372 2758 1475 2822 illaesa

329 2865 373 2929 ab
388 2871 473 2928 ae're.
511 2863 630 2946 Neque
649 2862 799 2945 pulveres
815 2883 866 2925 res
882 2860 990 2925 malae
1005 2872 1095 2941 sunt,
1120 2863 1184 2944 qui,
1200 2861 1276 2927 licet
1292 2863 1475 2927 contineant

329 2977 440 3034 aerem
464 2969 659 3052 permistum
669 2965 705 3046 ⁸³,
732 2977 844 3031 tamen
866 2966 933 3029 vim
961 2966 1045 3028 aeris
1072 2968 1254 3032 coacervati
1281 2977 1316 3032 et
1345 2967 1475 3031 eircum-

330 3194 379 3247 the
398 3192 452 3246 end
470 3190 503 3245 ol
524 3191 572 3244 the
591 3192 749 3257 Parasceve,
768 3189 828 3243 that
847 3189 869 3241 it
886 3204 942 3241 was
960 3187 1001 3241 his
1014 3187 1118 3256 design,
1140 3205 1169 3242 as
1186 3205 1254 3243 soon
1274 3205 1304 3243 as
1322 3188 1358 3243 he
1380 3206 1434 3244 was
1452 3193 1476 3240 at

331 3277 438 3344 leisure,
458 3277 503 3328 ‘in
521 3274 631 3341 singulis
652 3274 735 3327 veluti
757 3271 952 3339 interrogando
974 3272 1084 3340 docere,
1105 3274 1195 3342 qualia
1216 3274 1271 3327 sint
1291 3273 1367 3327 circa
1388 3288 1476 3327 unam·

329 3376 467 3432 quamque
479 3359 654 3412 historiarum
666 3358 772 3412 illarum
784 3357 956 3427 potissimum
969 3357 1131 3427 inquirenda
1144 3363 1173 3411 et
1186 3355 1404 3412 conscribenda.¹

365 3443 386 3476 ω
405 3445 455 3512 Cp.
468 3443 485 3497 i.
499 3463 524 3508 4.

363 3527 385 3561 ⁸¹
405 3529 468 3583 The
495 3527 654 3595 hir-Pump,
682 3525 813 3580 invented
840 3527 926 3581 about
953 3529 1019 3593 1654
1044 3526 1082 3596 by
1107 3527 1178 3580 Otto
1205 3542 1259 3580 von
1284 3525 1426 3580 Guericke
1453 3521 1480 3576 oi

329 3613 501 3681 Magdeburg
521 3611 575 3665 aud
595 3611 790 3680 subsequently
811 3626 842 3663 so
862 3610 944 3664 much
964 3609 1106 3679 improved
1125 3610 1162 3679 by
1184 3608 1279 3679 Boyle‚
1301 3609 1395 3663 would
1417 3607 1478 3660 hare

328 3697 435 3765 exactly
454 3701 513 3749 met
536 3695 652 3749 Bacon's
672 3695 881 3763 requirements,
900 3693 991 3747 sofar
1010 3709 1039 3746 as
1057 3693 1098 3746 air
1115 3693 1137 3746 is
1155 3692 1321 3747 concerned.
1359 3691 1444 3760 Ligbt
1460 3690 1478 3742 is

327 3779 463 3834 excluded
476 3779 541 3832 with
554 3779 738 3847 comparative
751 3791 822 3832 ease.

365 3861 386 3894 Β
405 3864 500 3917 ‘Lutum
513 3865 651 3932 supientiae
662 3878 695 3914 or
702 3863 906 3931 philosophorum
918 3877 974 3914 was
987 3877 1002 3914 a
1014 3860 1207 3929 composition,
1220 3859 1366 3928 employed
1379 3857 1426 3912 for
1436 3857 1479 3910 the

330 3963 447 4016 purpose
465 3946 499 3999 of
512 3946 615 4013 sealing
629 3945 820 4014 'hermetically
836 3945 886 3998 the
903 3943 1011 3998 orifices
1029 3942 1061 3998 of
1076 3944 1183 3998 vessels.
1221 3943 1300 4012 Pliny
1318 3941 1398 4014 (Nat.
1413 3941 1479 3994 Hist.

331 4031 405 4084 xxix.
427 4047 439 4095 3
461 4027 528 4098 (rr),
546 4035 614 4084 sect.
634 4027 679 4096 51)
699 4029 773 4096 gives
791 4045 807 4082 a
825 4029 903 4082 short
923 4029 1016 4097 recipe
1036 4028 1081 4081 for
1101 4029 1209 4096 piecing
1228 4025 1357 4094 together
1377 4025 1480 4080 broken

330 4113 481 4181 fragments
498 4112 530 4166 ol
545 4113 630 4180 glass:
657 4113 718 4181 ‘Et,
736 4128 772 4166 ne
791 4113 857 4182 quid
875 4112 946 4166 desit
963 4129 1078 4166 ovorum
1097 4112 1210 4178 gratiae,
1227 4109 1374 4164 candidum
1393 4125 1428 4162 ex
1446 4107 1481 4160 his

330 4197 484 4251 admixtum
497 4197 564 4249 calci
573 4197 652 4250 ‘vivae
664 4196 781 4265 glutinat
796 4196 858 4249 vitri
871 4193 1043 4262 fragmenta!
1081 4195 1209 4248 Albertus
1222 4195 1338 4260 Magnus
1351 4189 1481 4262 (referred

332 4287 363 4333 to
379 4281 416 4348 by
430 4279 546 4346 Hoefer,
564 4280 688 4334 Histoire
705 4280 740 4334 de
760 4280 785 4334 la
803 4279 919 4346 Chimie,
930 4285 1009 4332 tome
1022 4279 1039 4332 i.
1052 4295 1078 4347 p.
1094 4277 1156 4347 388)
1170 4283 1345 4332 enumerates
1357 4275 1480 4328 different

330 4362 410 4415 kinds
429 4361 461 4415 oi
478 4363 579 4431 ‘lutes,’
597 4363 709 4434 varying
726 4363 799 4418 their
815 4364 998 4432 composition
1017 4361 1164 4430 according
1181 4367 1212 4415 to
1230 4361 1278 4415 the
1290 4359 1440 4415 dill'erence
1454 4354 1483 4410 ol

329 4451 527 4512 temperature.

365 4523 388 4556 ⁸³
408 4526 486 4580 llere
507 4544 549 4582 we
570 4529 639 4583 have
658 4529 706 4584 the
726 4545 802 4584 same
820 4530 979 4584 distinction
1000 4545 1029 4583 as
1049 4529 1111 4583 that
1131 4527 1258 4583 between
1278 4527 1326 4582 the
1348 4527 1477 4581 ‘vacuum
