3346 5104
665 450 917 507 PRAEFATIO.
1304 441 1342 506 18
1345 461 1364 526 3

215 635 271 678 eos
290 613 417 697 fugiant
439 625 497 679 aut
521 624 737 698 praetereant.
784 615 932 699 Quarum
957 616 1061 699 prima
1084 614 1272 697 hujusmodi
1295 623 1366 692 est;

216 717 284 780 freri
311 717 380 781 fato
407 719 552 801 quodam
578 714 629 803 (ut
656 717 899 805 existimamus)
925 721 1023 796 bono,
1050 720 1093 783 ad
1123 719 1368 802 extinguendas

216 830 250 883 et
276 821 490 904 depellendas
517 822 792 885 contradictiones
818 830 852 886 et
878 831 1024 886 tumores
1050 822 1245 900 animorum,
1271 831 1308 885 ut
1334 831 1368 886 et

216 926 381 988 veteribus
406 925 511 989 honor
537 935 570 989 et
595 926 777 988 reverentia
800 926 924 990 intacta
946 935 980 989 et
1004 925 1178 988 imminuta
1204 934 1369 1002 maneant,

215 1036 250 1090 et
267 1048 327 1091 nos
341 1029 506 1093 destinata
523 1027 678 1112 perficere
698 1038 732 1091 et
751 1037 864 1090 tamen
884 1028 1065 1092 modestiae
1080 1038 1212 1091 nostrae
1227 1027 1369 1092 fructum

217 1132 384 1214 percipere
411 1132 584 1214 possimus.
629 1131 717 1194 Nam
748 1149 817 1208 nos,
843 1131 869 1192 si
900 1129 1114 1213 profiteamur
1144 1152 1204 1194 nos
1235 1131 1371 1194 meliora

217 1233 334 1298 afferre
356 1256 455 1317 quam
479 1237 614 1319 antiqui,
637 1235 777 1299 eandem
804 1256 904 1317 quam
932 1235 978 1297 illi
1001 1235 1087 1298 viam
1111 1235 1257 1317 ingressi,
1281 1234 1372 1298 nulla

217 1339 392 1402 verborum
422 1349 493 1404 arte
525 1341 653 1404 efficere
683 1339 856 1422 possimus,
888 1341 967 1422 quin
1006 1339 1179 1402 inducatur
1207 1339 1372 1422 quaedam

219 1443 340 1524 ingenii
366 1443 418 1506 vel
445 1444 662 1508 excellentiae
687 1443 740 1507 vel
767 1443 933 1507 facultatis
959 1443 1164 1525 comparatio
1196 1443 1264 1506 sive
1295 1463 1373 1506 con·

220 1547 345 1623 tentio;
384 1567 449 1610 non
481 1569 520 1611 ea
548 1547 684 1630 quidem
721 1545 834 1610 illicita
872 1555 930 1610 aut
961 1547 1246 1627 nova3—quidni
1284 1545 1373 1608 enim

221 1649 385 1730 possimus
403 1671 463 1732 pro
480 1651 553 1732 jure
574 1660 686 1714 nostro
705 1648 827 1735 (neque
845 1670 885 1713 eo
906 1651 978 1732 ipso
999 1649 1073 1726 alio,
1089 1667 1190 1730 quam
1210 1645 1375 1731 omnium)

221 1753 248 1814 si
271 1753 351 1834 quid
373 1755 461 1836 apud
487 1775 543 1818 eos
567 1774 632 1818 non
656 1763 743 1818 recte
766 1755 937 1817 inventurn
957 1763 1014 1817 aut
1033 1753 1178 1835 positum
1199 1752 1251 1829 sit,
1267 1771 1375 1833 repre-

221 1855 366 1920 hendere
382 1867 439 1920 aut
456 1867 570 1922 notare
583 1855 697 1921 ?-sed
720 1868 832 1922 tamen
851 1868 1017 1939 utcunque
1029 1855 1118 1938 justa
1134 1865 1193 1920 aut
1208 1856 1375 1938 pennissa‚

222 1958 433 2023 nihilominus
448 1961 555 2043 impar
572 1961 711 2025 fortasse
726 1962 841 2025 fuisset
862 1981 901 2024 ea
920 1962 991 2043 ipsa
1006 1960 1184 2036 contentio,
1199 1959 1242 2022 ob
1257 1959 1375 2021 virium

222 2073 408 2127 nostrarum
434 2066 580 2129 modum.
625 2065 750 2128 Verum
778 2086 880 2147 quum
908 2085 967 2147 per
993 2085 1053 2126 nos
1080 2063 1161 2126 illud
1188 2071 1313 2144 agatur,
1340 2071 1377 2125 ut

222 2166 287 2230 alia
299 2168 434 2231 omnino
448 2169 501 2230 via
518 2169 698 2232 intellectui
711 2170 878 2250 aperiatur
893 2168 956 2231 illis
971 2167 1134 2230 intentata
1150 2176 1183 2230 et
1200 2166 1377 2248 incognita,

223 2280 427 2335 commutata
445 2270 515 2352 jam
537 2272 620 2335 ratio
640 2281 709 2349 est3
734 2279 863 2335 cessant
884 2269 1030 2334 studium
1047 2279 1080 2332 et
1097 2279 1229 2351 partes;
1253 2289 1378 2351 nosque

224 2375 339 2438 indicis
372 2375 606 2438 tantummodo
636 2396 810 2458 personam
844 2377 1051 2450 sustinemus
1082 2372 1171 2455 quod
1206 2372 1379 2436 mediocris

223 2487 312 2541 certe
341 2488 392 2544 est
421 2479 639 2556 authoritatis,
677 2489 710 2543 et
741 2479 891 2544 fortunae
926 2476 1098 2558 cujusdam
1136 2477 1247 2558 potius
1278 2495 1378 2557 quam

223 2581 388 2646 facultatis
419 2592 452 2646 et
482 2582 710 2648 excellentiae.
770 2583 886 2665 Atque
916 2581 998 2645 haec
1035 2579 1149 2644 moniti
1180 2580 1306 2663 species
1335 2579 1379 2642 ad

224 2705 380 2768 personas
402 2688 566 2768 pertinet;
600 2688 705 2752 altera
727 2689 769 2752 ad
794 2709 844 2750 res
867 2687 964 2769 ipsas.

269 2789 340 2852 Nos
362 2790 525 2872 siquidem
545 2793 588 2855 de
609 2791 815 2856 deturbanda
838 2811 877 2853 ea
900 2808 985 2871 quae
1008 2807 1094 2850 nunc
1117 2785 1212 2850 floret
1235 2783 1379 2869 philoso-

224 2891 313 2975 phia,
328 2903 387 2956 aut
409 2894 435 2957 si
451 2914 536 2976 quae
560 2896 625 2960 alia
644 2896 687 2960 sit
705 2905 761 2960 aut
778 2895 839 2958 erit
859 2892 920 2957 hac
942 2891 1147 2956 emendatior
1165 2901 1224 2954 aut
1244 2889 1379 2964 auctior,

226 2997 362 3060 minime
377 2997 572 3064 laboramus.
619 3001 740 3082 Neque
762 3001 850 3064 enim
873 2999 1043 3073 officimus,
1068 2996 1148 3078 quin
1172 2993 1381 3078 philosophia

226 3101 289 3164 ista
312 3111 452 3182 recepta,
476 3111 510 3165 et
533 3102 617 3166 aliae
640 3104 673 3166 id
696 3124 809 3185 genus,
825 3101 1066 3185 disputationes
1089 3097 1188 3172 alant,
1213 3117 1380 3162 sermones

225 3212 352 3282 ornent,
387 3205 431 3268 ad
462 3204 657 3287 professoria
687 3226 823 3269 munera
853 3215 886 3268 et
915 3205 1004 3267 vitae
1041 3201 1143 3266 civilis
1182 3201 1381 3282 compendia

225 3306 446 3372 adhibeantur
472 3317 505 3372 et
530 3309 672 3372 valeant.
718 3309 807 3392 Quin
835 3309 935 3371 etiam
961 3314 1076 3388 aperte
1101 3304 1323 3386 significamus
1347 3314 1381 3367 et

225 3411 439 3485 declaramus,
457 3432 530 3475 earn
546 3433 647 3493 quarn
672 3432 732 3474 nos
750 3411 945 3474 adducimus
969 3407 1213 3490 philosophiam
1235 3408 1278 3471 ad
1302 3407 1381 3470 istas

227 3535 278 3578 res
301 3516 482 3580 admodum
510 3514 625 3580 utilem
649 3536 713 3579 non
736 3515 890 3578 futuram.
936 3513 1013 3576 Non
1037 3521 1169 3594 praesto
1193 3520 1252 3588 est,
1275 3531 1382 3592 neque

227 3619 261 3680 in
277 3619 416 3682 transitu
434 3619 569 3701 capitur,
586 3639 693 3701 neque
713 3638 758 3680 ex
779 3616 1047 3699 praenotionibus
1068 3614 1250 3678 intellectui
1265 3612 1383 3677 bland·

227 3723 299 3798 itur,
326 3742 433 3804 neque
462 3723 506 3787 ad
533 3721 623 3804 vulgi
653 3730 788 3802 captum
816 3721 877 3783 nisi
907 3739 966 3802 per
993 3716 1170 3785 utilitatem
1202 3724 1235 3779 et
1266 3715 1384 3779 effecta

227 3824 416 3889 descendet.

273 3925 347 3992 Sint
365 3927 478 4010 itaque
493 3924 598 4014 (quod
617 3924 720 3989 foelix
736 3924 948 4005 faustumque
969 3921 1011 3986 sit
1033 3921 1162 4002 utrique
1182 3914 1283 4005 parti)
1298 3918 1384 3982 duae

227 4032 451 4095 doctrinarum
473 4030 708 4108 emanationes,
727 4050 765 4094 ac
780 4030 867 4092 duae
882 4027 1164 4111 dispensationes;
1188 4023 1275 4087 duae
1295 4023 1384 4086 simi·

227 4135 303 4199 liter
329 4135 627 4218 contemplantium
658 4135 727 4198 sive
753 4131 1057 4218 philosophantium
1085 4128 1189 4192 tribus
1220 4147 1258 4189 ac
1282 4124 1384 4189 veluti

228 4239 468 4320 cognationes;
505 4248 607 4321 atque
637 4237 713 4302 illae
743 4237 936 4318 neutiquam
967 4235 1053 4300 inter
1082 4252 1117 4296 se
1147 4229 1297 4294 inimicae
1327 4237 1385 4293 aut

227 4341 365 4417 alienae,
400 4341 459 4405 sed
492 4341 681 4405 foederatae
712 4349 746 4404 et
784 4337 907 4403 mutuis
943 4335 1076 4402 auxiliis
1109 4333 1300 4397 devinctae:
1342 4333 1385 4396 sit

228 4445 374 4527 denique
394 4444 460 4508 alia
483 4445 636 4509 scientias
662 4442 802 4518 colendi,
827 4442 893 4505 alia
917 4438 1105 4504 inveniendi
1132 4437 1223 4501 ratio.
1270 4434 1385 4516 Atque

228 4549 349 4633 qulbus
376 4546 483 4633 prima
507 4548 615 4632 potior
640 4556 673 4611 et
702 4546 869 4629 acceptior
898 4551 957 4620 est,
984 4542 1027 4605 ob
1053 4539 1306 4616 festinationem,
1331 4538 1384 4602 vel
