3306 5102
325 432 394 520 436
534 441 535 444 ’
707 442 865 499 NOVUM
885 441 1105 498 ORGANUM.

326 607 525 676 observabit.
570 607 621 674 At
644 627 762 686 rursus,
786 605 843 688 qui
864 603 1064 670 deviationes
1085 602 1221 684 noverit,
1246 605 1273 670 is
1299 605 1485 671 accuratius

327 714 396 778 uias
419 714 583 779 describet
593 712 615 778 ⁶.

369 816 487 901 Atque
508 817 541 880 in
560 816 616 881 illo
637 816 794 880 differunt
815 814 916 879 etiam
937 815 981 879 ab
1002 815 1172 880 instantiis
1191 814 1374 891 monodi'cis,
1390 813 1483 898 quod

326 920 431 985 multo
459 921 563 1004 magis
590 920 752 984 instruant
783 919 903 1002 praxin
930 929 964 983 et
990 919 1204 1001 operativam.
1262 920 1350 982 Nam
1377 939 1482 982 novas

323 1023 451 1106 species
477 1045 633 1108 generare
658 1025 801 1087 arduum
822 1024 1005 1087 admodum
1031 1021 1136 1101 foret;
1167 1033 1203 1086 at
1229 1024 1355 1106 species
1381 1031 1481 1086 notas

244 1115 270 1196 ⁴.
324 1127 459 1206 variare,
480 1139 513 1193 et
536 1127 613 1191 inde
635 1148 707 1191 rara
730 1127 834 1191 multa
857 1147 896 1192 ac
918 1125 1075 1190 inusitata
1095 1127 1283 1208 producere,
1301 1128 1409 1190 minus
1428 1145 1482 1189 ar·

325 1230 427 1295 duum
438 1231 461 1294 ⁶.
506 1232 626 1300 Facilis
648 1240 761 1296 autem
784 1230 942 1295 transitus
964 1239 1015 1293 est
1039 1251 1060 1293 a
1083 1229 1248 1295 miraculis
1271 1239 1409 1293 naturae
1434 1230 1479 1292 ad

325 1334 481 1399 miracula
511 1335 622 1400 artis⁷.
684 1335 720 1400 Si
751 1335 840 1398 enim
869 1333 1135 1416 deprehendatur
1162 1332 1266 1397 semel
1297 1343 1413 1397 natura
1444 1333 1479 1394 in

323 1441 503 1505 variatione
526 1461 594 1520 sua,
609 1438 747 1522 ejusque
771 1441 853 1504 ratio
876 1437 1052 1502 manifesta
1074 1437 1179 1516 fuerit,
1195 1439 1390 1521 expeditum
1414 1439 1480 1502 erit

323 1563 363 1607 eo
389 1545 551 1608 deducere
578 1553 729 1608 naturam
753 1562 812 1626 per
833 1551 938 1606 artem
961 1562 1028 1624 quo
1051 1562 1110 1624 per
1132 1562 1244 1605 casum
1266 1542 1479 1606 aberraverit.

324 1647 443 1730 Neque
463 1648 573 1712 solum
589 1668 643 1723 eo,
660 1647 718 1710 sed
738 1656 772 1710 et
792 1645 968 1723 aliorsum3
993 1665 1068 1708 cum
1087 1665 1211 1708 errores
1231 1667 1275 1709 ex
1296 1666 1361 1710 una
1381 1655 1480 1729 parte

323 1761 507 1815 monstrent
529 1760 563 1815 et
584 1751 735 1832 aperiant
760 1750 849 1812 viam
872 1750 915 1812 ad
939 1768 1063 1811 errores
1086 1757 1119 1811 et
1142 1747 1348 1812 deflexiones
1372 1751 1479 1814 unde·

323 1876 464 1937 quaque.
514 1854 581 1918 Hic
595 1874 672 1917 vero
689 1852 852 1935 exemplis
872 1872 939 1916 non
960 1860 1010 1917 est
1031 1872 1123 1933 opus
1141 1860 1276 1934 propter
1294 1852 1477 1918 eorundem

322 1959 462 2039 copiam.
504 1957 674 2023 Facienda
695 1958 782 2020 enim
804 1965 854 2020 est
876 1953 1046 2037 congeries
1067 1956 1136 2018 sive
1158 1955 1297 2019 historia
1316 1957 1478 2021 naturalis

322 2059 526 2140 particularis
552 2059 701 2123 omnium
732 2068 954 2123 monstrorum
984 2067 1018 2121 et
1048 2067 1202 2140 partuum
1232 2068 1369 2142 naturae
1398 2080 1477 2142 pro·

322 2163 544 2244 digiosorum3
567 2164 674 2227 omnis
692 2163 835 2244 denique
854 2162 1010 2226 novitatis
1026 2170 1060 2226 et
1076 2162 1218 2226 raritatis
1237 2171 1270 2226 et
1289 2163 1476 2229 inconsueti

321 2264 354 2328 in
371 2277 487 2330 natura
496 2265 517 2331 ⁸.
564 2266 639 2330 Hoc
654 2286 732 2329 vero
747 2265 933 2329 faciendum
952 2272 1003 2328 est
1019 2285 1093 2328 curn
1110 2265 1315 2328 severissimo
1329 2264 1473 2340 delectu,

320 2379 358 2434 ut
374 2380 501 2435 constet
521 2370 610 2435 fides.
657 2370 809 2433 Maxime
829 2377 940 2432 autem
960 2367 1114 2432 habenda
1135 2377 1212 2432 sunt
1233 2389 1293 2451 pro
1313 2370 1476 2450 suspectis

320 2493 405 2558 quae
424 2475 572 2557 pendent
594 2476 894 2558 quomodocunque
914 2493 934 2535 a
955 2472 1121 2554 religione,
1137 2481 1174 2536 ut
1195 2472 1347 2554 prodigia
1367 2473 1475 2536 Livii:

320 2597 381 2641 nec
397 2578 513 2658 minus,
530 2599 615 2660 quae
636 2578 845 2641 inveniuntur
867 2578 899 2639 in
918 2576 1132 2657 scriptoribus
1153 2577 1284 2660 magiae
1304 2577 1476 2654 naturalis,

319 2691 377 2745 aut
398 2683 499 2748 etiam
521 2682 717 2765 alchymiae,
737 2691 771 2744 et
790 2679 981 2762 hujusmodi
1001 2678 1211 2758 hominibus;
1234 2680 1291 2762 qui
1312 2688 1474 2764 tanquam

318 2787 408 2868 proci
439 2796 516 2850 sunt
543 2795 577 2850 et
607 2795 772 2850 amatores
798 2785 992 2849 fabularum.
1048 2784 1116 2849 Sed
1144 2784 1370 2866 depromenda
1395 2795 1475 2849 sunt

318 2888 375 2953 illa
399 2911 443 2954 ex
464 2889 556 2972 gravi
580 2898 614 2954 et
637 2889 704 2953 fida
726 2888 870 2965 historia,
894 2898 927 2953 et
950 2888 1174 2954 auditionibus
1196 2887 1303 2953 certis.

354 3125 365 3158 ⁸
384 3128 447 3181 The
466 3128 543 3181 truth
561 3127 594 3182 of
609 3127 687 3181 these
700 3126 791 3180 words
809 3126 831 3179 is
849 3127 971 3193 obvious,
984 3125 1035 3179 but
1052 3125 1101 3180 the
1114 3126 1216 3180 maxim
1233 3126 1255 3178 is
1274 3143 1346 3181 none
1359 3127 1407 3180 the
1420 3127 1474 3181 less

319 3211 478 3279 important,
491 3211 545 3264 and
564 3211 664 3265 affords
682 3229 699 3266 a
716 3211 806 3280 happy
819 3210 943 3279 example
962 3209 994 3264 of
1011 3209 1126 3264 Bacon's
1144 3210 1263 3280 sagacity
1276 3227 1305 3264 as
1317 3211 1377 3264 well
1390 3227 1419 3264 as
1432 3209 1475 3263 his

317 3292 420 3362 felicity
433 3293 465 3347 of
475 3294 642 3362 expression.

353 3374 365 3406 ⁶
384 3376 512 3430 Familias
525 3377 703 3430 illustrations
715 3375 747 3429 of
762 3376 817 3429 this
830 3375 952 3430 artificia]
964 3392 1075 3446 process
1093 3375 1126 3430 of
1134 3377 1268 3430 variation
1285 3391 1333 3430 are
1349 3375 1474 3445 supplied

318 3460 355 3530 by
366 3460 415 3516 the
426 3477 503 3515 cases
516 3460 549 3514 of
558 3460 656 3529 plants‚
669 3460 744 3526 dogs,
757 3460 878 3528 pigeons,
890 3461 983 3527 cattle,
996 3462 1046 3514 &e

353 3543 440 3598 What
459 3561 523 3598 man
543 3545 620 3611 does,
641 3543 667 3596 in
688 3544 899 3613 comparatively
920 3543 995 3598 brief
1011 3544 1122 3614 periods
1143 3543 1176 3596 of
1194 3543 1271 3610 time,
1291 3543 1318 3596 in
1338 3542 1387 3596 the
1407 3557 1473 3596 case

316 3627 349 3680 of
358 3627 493 3695 varieties,
507 3627 564 3682 Mr.
579 3625 691 3680 Darwin
704 3626 752 3680 has
765 3626 860 3680 shown
878 3628 938 3681 that
951 3628 1057 3681 Nature
1069 3627 1202 3696 probably
1214 3628 1288 3693 does,
1301 3625 1473 3694 throughout

317 3711 365 3764 the
377 3711 450 3780 lapse
462 3711 495 3765 of
509 3713 573 3778 long
586 3726 657 3778 ages,
671 3710 698 3763 in
710 3710 759 3764 the
771 3726 833 3764 case
844 3711 878 3764 of
886 3711 990 3780 species
1001 3711 1055 3764 and
1067 3726 1137 3765 eren
1149 3711 1198 3763 the
1211 3710 1308 3778 higher
1319 3710 1427 3764 classes.

351 3792 362 3826 ⁷
379 3797 429 3850 Kal
448 3797 547 3865 τρόπον
567 3795 625 3850 τινὰ
645 3796 706 3863 περὶ
726 3795 759 3848 τὰ
783 3795 847 3848 αὐτά
868 3794 942 3849 ἐστιν
962 3794 977 3862 r‘y
998 3793 1064 3865 τύχη
1086 3793 1127 3848 καὶ
1146 3792 1161 3861 r‘y
1183 3793 1271 3864 τέχνη,
1291 3793 1405 3863 καθάπερ
1430 3791 1474 3845 καὶ

315 3877 433 3950 Ἀγάθων
450 3878 520 3950 φησὶ

610 3948 688 4020 τέχνη
706 3946 788 4018 τύχην
805 3948 913 4019 ἔστερξε
932 3950 972 4002 καὶ
990 3946 1055 4019 τύχη
1073 3944 1174 4017 τέχνην.

1061 4031 1126 4085 Eth.
1140 4030 1203 4084 Nic.
1216 4031 1251 4086 vi.
1265 4050 1280 4096 4
1295 4027 1345 4099 (5).

351 4155 374 4206 Α
387 4151 541 4207 wonderful
553 4153 676 4208 instance
689 4151 722 4204 of
736 4152 784 4206 the
797 4151 944 4206 successful
958 4153 1094 4206 imitation
1107 4152 1141 4206 of
1155 4153 1262 4208 Nature
1274 4153 1311 4220 by
1322 4153 1375 4206 Art
1388 4152 1410 4205 is
1421 4151 1472 4206 the

315 4235 437 4290 artificia}
456 4235 620 4304 productiori
640 4234 672 4288 of
688 4235 801 4300 marble,
813 4236 933 4302 through
948 4234 1039 4290 fusion
1058 4235 1147 4290 under
1164 4237 1267 4290 violent
1285 4250 1420 4305 pressure,
1432 4233 1473 4305 by

316 4321 358 4372 Sir
370 4320 462 4388 James
474 4317 549 4385 Hall,
562 4324 592 4371 to
604 4317 693 4371 which
707 4318 719 4372 l
735 4319 802 4372 have
815 4319 926 4387 already
937 4319 1062 4374 referred
1075 4319 1113 4388 (p.
1128 4319 1200 4387 344).

349 4401 360 4432 ⁸
378 4402 450 4456 Such
463 4417 510 4456 are
523 4417 605 4472 many
616 4401 650 4455 of
659 4403 707 4456 the
720 4402 933 4471 ‘experiments’
946 4402 973 4455 in
986 4403 1034 4457 the
1046 4404 1126 4474 Sylva
1138 4403 1289 4472 sylvarum.
